2596 4724
595 308 610 403 (
636 304 682 398 34
706 307 728 402 )’

173 437 435 523 contraxerint,
455 450 515 508 aut
531 417 737 509 universesi
760 432 849 535 quid
866 448 991 507 contra
1008 438 1080 506 ura
1104 434 1146 525 14

172 547 230 620 vel
254 574 293 647 ¹7
317 563 439 621 actum
457 547 579 645 fiterit3

223 679 271 751 3⁰.
297 678 331 748 Si
352 694 545 778 peceatum
566 678 611 752 sit
635 678 733 751 circa
755 704 816 763 ea,
837 703 919 777 quae
940 679 1085 748 articuli
1103 677 1149 748 18

171 808 209 864 et
237 819 281 863 22
301 792 543 890 praescribunt
562 793 598 862 in
618 818 704 863 casu
726 849 734 874 ,
756 817 831 889 quo
858 805 1027 890 parentes
1053 815 1145 862 con·

172 928 320 975 sensum
344 917 514 975 recusant
540 903 666 976 tiberis
696 903 1006 1003 vigintiquinque
1040 902 1145 974 annis

170 1014 395 1115 majoribus;

217 1146 266 1237 4⁰.
293 1144 329 1216 Si
341 1144 652 1247 promulgationes
665 1169 739 1215 non
756 1141 823 1215 rite
836 1141 939 1216 factae
954 1143 1044 1230 sint;

220 1272 267 1342 5⁰.
294 1269 329 1342 Si
362 1272 496 1370 nuptiae
529 1270 722 1344 celebratae
747 1269 818 1342 sint
836 1285 919 1342 ante
944 1270 1044 1341 diem
1073 1283 1144 1343 ter-

169 1384 261 1454 tium
274 1408 294 1450 a
308 1383 510 1481 posteriore
527 1381 834 1481 promulgatione,
855 1408 897 1454 ac
914 1379 1090 1481 denique3

217 1515 266 1583 6⁰.
297 1511 332 1579 Si
365 1525 499 1608 praeter
541 1537 689 1597 casum,
716 1527 784 1584 art.
823 1509 863 1580 51
905 1535 1141 1609 expressum,

165 1625 443 1694 matrimonium
466 1648 541 1694 non
561 1623 709 1720 publice
740 1623 899 1696 incuria
928 1624 1140 1724 municipali

169 1740 213 1810 sit
228 1735 466 1810 celebratum.
487 1739 520 1810 d.
546 1752 613 1809 art.
631 1737 687 1837 73.

434 1967 592 2039 CAPUT
622 1965 870 2055 QUARTUM.

162 2145 377 2263 Quomodo
419 2146 726 2269 matrimomiun¹
743 2145 935 2255 probetur
967 2145 1140 2258 legitime

472 2323 558 2375 esse
578 2289 826 2375 celebratum.
891 2354 894 2359 .

214 2505 487 2581 Matrimonium
500 2531 576 2577 non
589 2518 707 2604 potest
722 2501 873 2604 probari
886 2503 1044 2603 legitime
1057 2530 1137 2579 esse

164 2622 426 2706 celebratum,
442 2622 511 2693 nisi
544 2621 787 2693 instrumento
812 2616 1069 2691 celebrationis
1097 2620 1136 2689 in

160 2733 261 2804 libris
275 2739 386 2807 statiis
401 2737 516 2808 civilis
530 2735 807 2832 inscripto-Art.
823 2735 870 2831 74
881 2735 995 2834 ejusd.
1008 2740 1051 2805 tit
1065 2731 1129 2804 IV.

161 2845 193 2913 A
206 2858 409 2940 quatamen
425 2845 550 2940 regula
564 2845 618 2914 hae
639 2845 774 2914 dantur
789 2849 1033 2942 exceptiones.

217 2980 259 3040 1⁰.
287 2969 322 3042 Si
336 2968 423 3040 libri
435 2969 544 3040 statiis
558 2966 675 3042 civilis
690 2991 894 3064 numquam
907 2968 1132 3060 exstiterunt,

162 3101 223 3158 aut
238 3085 267 3158 si
288 3084 421 3186 perditi
435 3100 534 3174 sunt,
556 3082 706 3156 arbitrio
726 3079 855 3187 ionicis
875 3098 928 3154 est
945 3082 1132 3175 relictum,

162 3215 285 3270 utrum
306 3198 487 3274 sufficiens
509 3199 733 3274 matrimonii
761 3199 932 3298 probatio
951 3199 1063 3291 adsit,
1085 3230 1133 3274 an

161 3310 304 3403 minus3
326 3336 401 3410 quo
423 3326 547 3384 tamen
566 3339 651 3387 casu
669 3312 883 3411 requiritur,
901 3328 941 3387 ut
956 3314 1133 3414 conjuges

154 3431 407 3520 possessionem
428 3427 565 3514 status,
589 3428 683 3523 (een
697 3431 857 3528 uitertijlu
868 3429 957 3503 bezit
974 3457 1044 3502 van
1064 3431 1132 3502 den

158 3539 379 3641 huwetijlcen
406 3543 537 3639 stant)
565 3539 738 3629 habeant,
775 3541 810 3612 id
845 3557 915 3630 est,
949 3558 988 3614 ut
1009 3541 1131 3642 palam

158 3669 333 3744 constet,
367 3679 458 3743 eos,
490 3669 666 3755 tanquam
702 3657 873 3729 maritum
909 3672 945 3729 et
977 3682 1132 3732 uxorem

154 3774 286 3860 secum
308 3771 468 3844 invicem
483 3770 622 3843 vixisse.
644 3773 727 3845 Art,
740 3776 799 3872 75.
829 3773 913 3844 Non
930 3773 1042 3845 etiam
1058 3777 1132 3874 peti

155 3898 292 3983 potest,
326 3900 365 3958 ut
388 3885 495 3960 liberi
518 3887 630 3960 status
657 3894 916 3982 possessionem
935 3888 1130 3981 habentes,

154 3997 214 4070 cui
260 4025 337 4073 non
391 4015 571 4102 repugnat
613 4003 896 4080 instrumentum
938 4008 1134 4083 nativitatis
