2596 4724
650 373 801 472 (¹04)
882 388 884 397 '

237 498 342 596 quod
368 499 551 602 plerisque
581 503 713 577 ceteris
745 499 962 601 permissum
991 510 1053 570 est.
1087 489 1208 569 Solius

237 610 346 710 igitur
363 614 523 688 utilitatis
538 616 728 716 publicae,
753 641 828 689 non
843 638 930 687 vero
944 610 1052 709 hujus
1071 609 1209 685 illiusve

237 723 354 799 culros
375 726 486 802 divini
505 747 773 830 praeceptorum
793 730 831 799 in
854 726 982 802 codice
997 725 1095 800 civili
1113 751 1209 799 con-

236 833 414 927 ficiendo,
435 841 528 913 ratio
555 856 609 914 est
647 839 829 913 habenda,
869 835 1051 910 Universt
1085 853 1208 912 autem

235 950 433 1024 dicendum
458 970 527 1044 est,
548 955 747 1029 divortium
764 981 938 1052 magnum
959 978 1037 1029 esse
1050 951 1207 1040 malum,

234 1063 1208 1170 sedilludnihilominusesseadmittendum‚quoniam
1288 1133 1291 1141 .

234 1177 352 1278 majus
365 1181 502 1254 malum
519 1198 631 1273 esset,
650 1183 680 1256 si
699 1208 777 1256 non
796 1179 1059 1255 admitteretur.

282 1338 448 1414 Articulo
478 1342 515 1414 3⁰
543 1341 637 1414 tituli
663 1341 715 1432 X,
748 1341 963 1443 prohibetur
1008 1337 1208 1411 divortium

234 1447 315 1523 fieri
329 1478 397 1551 per
414 1469 579 1526 mutuum
605 1479 839 1528 eonsensum.
865 1454 1001 1526 Contra
1017 1451 1110 1522 hanc
1130 1450 1209 1523 dis·-

233 1564 456 1660 positionem
471 1568 584 1640 multa
604 1567 724 1639 afferri
745 1583 921 1665 possunt,
943 1581 980 1640 et
998 1565 1105 1638 allata
1124 1579 1210 1640 sunt

233 1692 445 1772 argumenta
463 1705 471 1763 ;
492 1692 528 1749 et
547 1678 701 1751 omnino
716 1676 837 1750 multis
858 1679 1049 1775 placuisset
1066 1677 1207 1776 augeri,
1224 1719 1236 1742 .·

146 1838 149 1845 -
233 1789 310 1860 imo
338 1786 516 1888 duplicari
536 1789 783 1877 difficultates,
803 1788 936 1889 quibus
960 1788 1040 1889 jure
1065 1790 1208 1863 Gallico
1234 1781 1238 1788 ¹

234 1902 509 2002 circumscripta
519 1917 579 2003 est
594 1901 746 1975 facultas
760 1959 770 1986 ,
784 1902 1059 1975 matrimonium
1076 1917 1204 1975 mutuo

234 2013 435 2115 conjugum
450 2042 634 2091 consensu
650 2013 890 2107 dissolvendi,
909 2013 1112 2089 dummodo
1127 2015 1208 2090 vin·

233 2126 359 2198 culum
374 2126 475 2212 illud,
496 2126 599 2224 cujus
615 2126 695 2199 solo
715 2128 866 2198 nomine
881 2127 1052 2224 cogitatio
1072 2127 1208 2197 amoris

232 2252 269 2309 et
299 2235 510 2310 concordiae
528 2235 627 2336 apud
658 2263 786 2310 omnes
811 2238 947 2325 oritur,
964 2263 1041 2310 non
1060 2263 1208 2337 semper

232 2348 433 2421 consistere
454 2365 583 2449 pergat
608 2348 703 2421 inter
734 2374 815 2438 eos,
842 2350 907 2449 qui
935 2374 1080 2422 summo
1099 2347 1206 2439 odio,
1285 2427 1286 2432 ,

232 2463 463 2563 maximaque
476 2462 732 2536 malevolentia
748 2487 788 2536 se
811 2463 969 2536 invicem
983 2489 1211 2563 prosequun-

232 2591 312 2664 tur,
331 2593 367 2650 et
385 2577 518 2677 quibus
532 2575 605 2651 vita
623 2577 829 2650 communis
841 2575 949 2676 plane
968 2574 1210 2649 intolerabilis

233 2704 298 2780 est;
311 2688 585 2764 contendebant
597 2717 709 2792 porro
728 2688 842 2762 iidem
860 2688 924 2777 illi,
941 2688 1209 2791 separationem

232 2796 330 2869 thori
346 2815 382 2871 et
400 2811 546 2889 mensae
559 2801 622 2871 tali
636 2826 722 2872 casu
738 2824 816 2872 non
838 2801 1013 2888 sufficere,
1031 2799 1209 2901 quoniam

233 2932 347 3006 scopo
362 2908 584 2981 matrimonii
597 2910 705 3007 plane
720 2936 926 3007 repugnare
940 2911 1228 3015 existimabant„
1257 2925 1260 2932 '

232 3018 322 3096 duas
331 3046 508 3124 personas
525 3020 675 3095 vinculo
695 3019 793 3093 civili
809 3020 1027 3120 conjunctas
1043 3049 1207 3113 manere,

233 3162 356 3235 neque
374 3143 497 3210 tamen
516 3160 640 3210 secum
669 3135 828 3210 invicem
857 3136 998 3229 vivere;
1017 3151 1210 3237 praeterea

234 3246 410 3349 conjuges
429 3249 477 3319 ita
498 3249 693 3349 separatim
717 3249 901 3338 viventes,
927 3277 1049 3352 neque
1068 3249 1116 3323 ad
1138 3244 1210 3326 alia

234 3373 320 3432 vota
352 3357 573 3434 convolandi
603 3359 814 3434 facultatem
831 3360 1026 3453 babentes,
1045 3362 1092 3437 ad
1120 3361 1211 3441 libi-
1248 3454 1252 3460 ἢ

235 3476 361 3557 dinem
379 3492 487 3576 atquc
504 3475 722 3551 adulterium
740 3477 855 3566 allici,
872 3476 1100 3578 alterumque
1112 3503 1211 3551 con-

234 3589 358 3691 jugem
372 3587 607 3690 improbitate
618 3590 766 3664 alterius
778 3617 917 3669 novum
931 3591 1210 3669 matrimonium

233 3705 327 3778 inire
338 3703 529 3803 cupientis,
539 3703 677 3804 magnis
690 3729 798 3805 saepe
809 3705 1209 3808 periculisexponipos·

234 3838 274 3892 se
291 3816 541 3918 disputabant;
559 3834 667 3919 atque
684 3820 832 3894 tandem
845 3821 1056 3913 censebant,
1076 3822 1208 3915 divor-

172 3932 174 3936 ”
232 3932 1206 4036 tium,quodfitpermutuumconjugumconsensuni,

238 4069 334 4145 saepe
349 4044 435 4119 utile
448 4059 485 4119 et
501 4047 748 4122 necessarium
765 4074 843 4123 esse
854 4048 894 4121 in
920 4074 1008 4127 casu
1022 4048 1207 4155 adulterii2
