2596 4724
641 335 770 435 (tl)

272 461 329 535 Sic
348 461 455 561 igitur
472 463 613 563 legibus
628 463 761 537 nostris
780 464 961 537 sancitum
980 478 1050 550 est,
1070 477 1110 536 ut
1124 462 1198 536 hoc

224 571 305 644 solo
321 600 412 647 casu
426 603 555 650 revera
573 574 785 652 testamenta
800 574 868 649 sub
888 575 1009 649 forma
1023 591 1198 649 contrac-

223 683 280 763 uts
300 683 379 758 lieri
399 689 554 786 possint,
581 705 695 788 utque
714 704 844 762 contra
867 689 1045 789 regulam,
1067 689 1199 762 ambu-
1255 780 1258 789 1

221 800 385 870 latorium
418 826 494 872 esse
527 802 713 874 homiuum
751 810 976 875 voluntatem
1008 827 1119 902 usquc
1149 803 1201 874 ad

219 926 420 980 extremum
440 918 525 982 oltoe
552 912 720 999 halitum,
743 912 924 1013 ejusmodi
951 931 1054 987 actus
1083 938 1199 1013 reto-5
1249 1006 1253 1015 .

196 1072 200 1079 -
220 1019 296 1090 cari
315 1036 512 1119 nequeant.
528 1021 751 1124 Magnopere
768 1024 836 1096 hac
855 1025 902 1096 de
917 1052 957 1097 re
972 1026 1197 1124 disputatum
1213 1114 1217 1123 .

219 1131 303 1222 fuit,
336 1148 373 1206 et
397 1135 443 1206 ab
473 1152 628 1235 utraque
658 1149 761 1236 parte
790 1138 872 1210 satis
904 1137 1009 1210 firma
1044 1138 1198 1238 quidem

220 1248 352 1322 adduci
373 1266 526 1350 possunt
557 1267 781 1351 argumenta.
815 1252 911 1323 Nam
936 1268 1067 1326 contra
1085 1265 1198 1325 testa·
1239 1250 1242 1254 ’

218 1379 343 1436 menta
372 1364 432 1434 illa
460 1365 715 1437 irrevocabilia
741 1364 813 1437 dici
833 1352 974 1463 potest,
1007 1391 1050 1438 ea
1080 1363 1198 1436 videri

174 1488 177 1492 ’
217 1480 402 1549 contraria
432 1477 540 1550 bonis
569 1478 756 1563 moribus,
777 1493 813 1549 et
841 1479 982 1550 utilitati
1014 1459 1171 1578 publicae
1184 1504 1198 1565 ς·

216 1594 393 1688 quoniam
412 1593 624 1662 donatarius
655 1595 702 1660 ita
722 1591 946 1662 nanciscitur
975 1588 1032 1688 jus
1052 1592 1196 1662 irrevo-

216 1703 252 1776 in
273 1705 505 1801 successione
518 1702 705 1774 donatoris
721 1703 886 1789 viventis,
901 1698 1000 1775 unde
1014 1703 1193 1800 sequitur,

216 1843 302 1891 eum
319 1819 389 1891 hoc
419 1817 475 1916 jus
507 1842 732 1917 quocunque
760 1817 865 1890 titulo
894 1814 939 1888 ad
967 1815 1057 1887 alios
1083 1840 1194 1915 posse
1228 1802 1233 1813 ’

214 1930 431 2022 transferre,
452 1932 591 2004 nemini
612 1931 712 2002 enim
729 1925 883 2002 facultas
902 1941 1023 2029 potest
1042 1925 1192 2018 auferri,

213 2042 260 2117 de
288 2043 367 2143 jure
401 2044 654 2143 suoquaesitO,
691 2044 783 2114 siout
813 2041 918 2141 libet,
951 2034 1190 2140 disponendi;

106 2221 108 2229 .
211 2182 344 2253 porro,
365 2156 395 2226 si
411 2155 623 2227 donatarius
642 2151 820 2225 solvendo
844 2168 1011 2238 nonest,
1039 2169 1193 2250 possunt

210 2267 415 2346 creditores
434 2268 491 2368 jus
512 2268 601 2340 illud
622 2269 659 2339 in
679 2268 910 2341 successione
929 2267 1050 2340 futura
1071 2268 1191 2342 dona-

208 2383 299 2455 toris
318 2383 567 2468 ¹considerare
595 2396 772 2482 tanquam
805 2389 844 2456 in
869 2381 968 2456 bonis
992 2381 1189 2473 debitoris,

108 2583 112 2586 x
208 2493 1218 2597 illudqueadsolutionemconsequendamconvenire,¹

207 2608 340 2707 quibus
360 2607 504 2681 casibus
522 2607 601 2680 [ieri
626 2623 764 2707 posset,
784 2621 824 2679 ut
843 2608 902 2706 jus
928 2606 966 2678 in
985 2606 1189 2682 hereditate

48 2708 49 2712 ¹
115 2743 119 2749 ·
207 2723 359 2821 alicujus
373 2725 526 2796 viventis
546 2722 724 2796 vendatur
740 2722 797 2796 vel
816 2720 863 2793 ad
882 2718 1187 2795 tertiostransfe-

204 2852 324 2922 ratur,
345 2836 447 2934 quod
463 2836 571 2936 bonis
584 2837 751 2920 moribus
766 2863 989 2934 repugnare,
1000 2833 1185 2939 ¹manifes-

164 3043 170 3052 Ι
204 2966 284 3024 tum
300 2968 364 3027 est.
386 2951 557 3049 Denique
580 2974 657 3022 non
678 2950 758 3048 quis
781 2949 915 3046 privari
935 2949 1046 3022 debet
1065 2947 1185 3023 facul-

203 3082 288 3155 tate,
308 3067 538 3143 voluntatem
554 3090 676 3150 suam,
693 3061 871 3163 quamdiu
885 3060 982 3152 vivit,
1002 3064 1185 3154 mutandi,

202 3180 357 3250 maxime
385 3178 563 3278 quoniam
589 3176 740 3255 effectus
767 3174 948 3277 ejusmodi
970 3174 1183 3251 donationis

200 3315 278 3364 esse
309 3291 444 3391 possit,
479 3305 520 3362 ut
559 3289 751 3390 improbus
777 3290 995 3387 donatarius*
1029 3289 1182 3390 impune

199 3405 422 3479 donatorem
441 3405 666 3478 contumelia
689 3403 905 3505 injuriisque
926 3404 1073 3494 alliciat,
1091 3400 1179 3475 cum

96 3578 100 3585 .
198 3519 257 3592 hic
280 3516 337 3618 jus
360 3543 438 3590 non
467 3516 601 3591 habeat
624 3543 709 3589 eum
736 3517 805 3589 hac
832 3517 879 3589 de
907 3543 950 3590 re
974 3515 1178 3590 mutatione

196 3631 402 3705 testamenti
433 3628 634 3730 puniendi;
670 3643 712 3700 ut
752 3628 898 3702 silentio
930 3641 1178 3728 paetereantur

125 3833 129 3841 ⁵
156 3812 164 3841 ,Γ
196 3744 337 3843 majora
353 3743 535 3845 pericula,
555 3741 692 3842 quibus
706 3741 867 3816 donator
887 3740 1068 3814 donatarii
1090 3768 1176 3816 ava·

90 3881 93 3887 ·
196 3845 279 3957 litia
298 3872 409 3957 atque
426 3857 624 3959 eupiditate
637 3858 772 3957 exponi
787 3856 910 3957 possit.

243 4024 469 4124 Argumenta
493 4040 640 4114 autem,
663 4051 745 4126 quae
765 4049 835 4125 pro
860 4021 1041 4123 ejusmodi
1061 4025 1172 4099 ltere·
1228 4007 1232 4014 ¹
