2596 4724
81 370 83 374 .
622 318 645 365 e

125 426 1064 487 mfflmmnwmmmummm

490 593 713 715 ffiroeaae
747 608 750 615 Ι

109 784 371 944 Pramum
396 871 562 973 aliquamx
573 872 786 949 eruditionis
802 874 946 976 copiam
963 872 1001 947 in
1019 860 1087 972 jud*

125 1015 218 1067 vene
228 1002 424 1101 exspectari
440 1027 515 1076 non
531 1027 647 1104 posse,
662 1003 725 1111 qui
735 1029 802 1103 per
817 1001 929 1076 breve
939 1013 1083 1075 tantum
1181 1042 1185 1049 ·

123 1130 266 1224 tempus
290 1121 581 1224 jurisprudentiae
605 1155 755 1229 operam
776 1127 895 1216 dedit,
920 1153 980 1201 res
1004 1127 1082 1223 ipsa

44 1321 46 1329 ,
123 1245 296 1345 loquitur3
309 1279 378 1323 nec
391 1255 557 1349 profecto
570 1269 625 1322 tot
637 1257 775 1323 eximiis
789 1257 835 1325 de
847 1257 928 1349 jure
938 1251 1084 1351 ¹scriptis

123 1368 321 1471 juvenilem
335 1400 455 1446 meam
469 1374 563 1444 hane
576 1374 812 1473 scriptionem
829 1374 964 1447 addere
980 1372 1086 1445 aude·

123 1525 230 1588 rem,
259 1503 327 1574 nisi
360 1501 529 1602 aquovis
560 1527 720 1575 summos
751 1502 790 1571 in
808 1502 888 1598 jure
924 1500 1085 1573 bonores

122 1644 290 1730 petente,
310 1645 402 1732 post.
419 1630 626 1706 academica
637 1631 761 1704 studia
777 1631 957 1719 absoluta,
975 1628 1088 1729 speci·

122 1782 211 1831 men
221 1759 370 1856 aliquod
380 1760 567 1858 publicum
577 1786 834 1859 progressuum
842 1762 902 1834 lex
913 1760 1087 1858 exigereta
1113 1778 1130 1813 -'

172 1917 244 1989 Diu
259 1908 462 1988 'admodum
478 1929 599 1987 autem
618 1913 792 2020 dubitavi,
808 1915 997 2015 quodnam
1016 1938 1089 2014 po·

123 2045 299 2120 tissimum
315 2060 567 2146 argumentum
585 2044 844 2144 eligerem-vix
864 2046 961 2118 enim
978 2041 1090 2145 quid-

123 2196 234 2270 quam
249 2172 478 2247 inveniebam
498 2192 516 2260 ,’
533 2172 635 2272 quod
650 2200 723 2249 non
738 2172 853 2248 multo
868 2173 943 2274 jam
957 2173 1088 2248 melius

121 2314 382 2400 pertractatum
407 2296 514 2391 esset,
539 2328 649 2402 quam
665 2331 686 2375 a
702 2330 760 2376 me
780 2304 850 2377 hoc
876 2301 957 2378 fieri
975 2327 1084 2402 posse
1194 2286 1199 2293 ¹

123 2430 382 2504 existimabam.
408 2430 571 2504 Tandem
600 2457 697 2504 verov
723 2410 818 2532 apud
842 2457 901 2506 me
930 2444 1011 2504 orta
1034 2432 1088 2501 est

123 2546 313 2659 cogitatio,
338 2575 412 2632 non
425 2547 539 2658 'plane
563 2556 610 2627 ab
634 2583 674 2630 re
695 2556 793 2644 fore,
813 2557 842 2628 si
874 2577 1022 2653 agerem
1038 2549 1086 2624 de

121 2702 224 2787 parte
251 2687 371 2786 aliqua
405 2687 541 2760 codicis
569 2683 657 2759 novi
691 2683 842 2788 Belgici,
877 2681 980 2782 eujus
1010 2680 1085 2781 jam

122 2815 261 2916 aliquot
277 2806 369 2888 tituli
388 2815 434 2886 ab
453 2812 649 2908 Ordinibus
666 2810 895 2912 generalibus
911 2837 1084 2912 compro-

121 2926 214 3029 bati,
247 2957 282 3014 et
305 2966 327 3008 a
349 2940 443 3038 Rege
465 2938 590 3011 sanciti
616 2953 724 3038 atque
737 2936 953 3037 promulgati
980 2951 1082 3026 sunt3

120 3058 200 3144 bac
228 3071 326 3142 enim
359 3058 524 3142 materies
558 3095 653 3141 nova
675 3084 751 3156 ·est;
776 3067 917 3140 nullum
945 3066 1082 3157 adhue,

122 3182 429 3302 duantumscio‚
460 3199 645 3303 specimen
683 3196 929 3272 academicum
960 3198 1009 3273 de.
1039 3200 1084 3273 e'a

31 3374 34 3379 ²
124 3334 372 3432 conscriptum
392 3345 462 3418 est,
487 3312 648 3430 'cumque
671 3329 793 3402 multae
823 3329 860 3402 in
882 3329 962 3429 jure
985 3353 1084 3402 novo

123 3465 269 3564 Belgico
292 3462 521 3564 reperiantur
550 3460 830 3561 dispositiones,
863 3484 946 3559 quae
975 3455 1034 3530 vel
1064 3483 1086 3528 a

11 3616 17 3628 ¹
107 3592 634 3694 *legibusquibusetiamnum
646 3590 793 3676 utimur,
813 3587 966 3659 multum
985 3583 1089 3658 diffe-
1196 3581 1203 3601 ’

123 3734 225 3809 runt,
250 3719 335 3792 vel
327 3747 364 3789 m
383 3720 425 3792 iis
443 3718 551 3819 plane
571 3717 722 3804 desunt,
744 3715 881 3787 idcirco
902 3711 1002 3802 illos,
1023 3714 1087 3814 qui
1161 3778 1167 3788 „

17 3862 20 3869 '
122 3849 214 3921 bane
238 3849 541 3975 dissertationem
546 3873 664 3963 meam
686 3844 864 3918 benevole
879 3844 999 3944 legere
1019 3870 1089 3918 vo-

120 3982 211 4076 lent,
230 3973 370 4079 minori
362 3981 434 4056 fas
434 3947 524 4064 tidio
539 3958 769 4081 affectamus
782 3979 976 4061 arbitratus
995 4003 1085 4054 sums
