2596 4724
637 374 767 474 iffi)
804 380 805 384 ‘
832 469 834 476 .

223 495 406 583 solutione
421 505 512 606 ejus,
530 505 632 608 quod
650 506 754 580 uxori
770 503 850 604 jure
862 498 1051 603 competit,
1064 487 1187 598 quoad

220 610 324 689 bona
342 621 459 694 mariti
475 621 547 697 hue
564 620 802 706 suffecerunt3
816 630 878 690 aut
895 615 963 689 nisi
984 613 1110 686 saltem
1123 611 1199 680 in->
1247 626 1257 659 -·

222 739 280 802 tra
292 760 474 826 mensem,
488 751 571 838 post
585 736 800 812 sententiam
812 730 1094 832 pronuntiatam
1105 749 1200 826 per.-

221 848 430 924 eecutiones
442 851 630 950 judiciales
648 848 827 924 inchoatae
841 845 1186 947 nequeinterruptae.

222 955 306 1029 sint.
325 961 402 1036 Art.
419 989 453 1056 7.

271 1085 501 1168 Communia
514 1092 686 1170 dissoluta
712 1088 939 1196 separatione
967 1089 1185 1172 bonorum,

220 1211 342 1292 potest
351 1219 478 1280 mutuo
489 1207 688 1308 conjugum
697 1201 1200 1281 cousensurestitui.Art.r'2.,

221 1307 306 1398 Quo
321 1326 409 1390 'casu
425 1345 484 1393 res
509 1321 726 1395 ineundam
749 1335 882 1394 statum
899 1307 1134 1404 redeu'nt‚ac
1156 1307 1187 1381 ai
1264 1341 1271 1396 '.

219 1430 404 1523 separatio
434 1459 511 1507 non
542 1435 666 1509 locum
692 1433 885 1506 habuisset.
907 1437 1076 1502 Attamen
1102 1445 1189 1497 cum

219 1543 401 1634 separatio
426 1547 532 1620 uxori
560 1547 703 1620 dederit
727 1546 937 1619 facultatem
955 1539 1102 1640 negotia
1123 1559 1189 1609 sua
1237 1618 1240 1623 ,

220 1649 387 1742 gerendi,
403 1653 577 1754 bonaque
597 1655 895 1740 administrandi,
915 1667 1016 1725 actus
1036 1663 1073 1723 et
1092 1673 1203 1721 con-.
1242 1710 1245 1715 ,

220 1767 378 1848 tractus,
397 1789 491 1862 quos
501 1765 589 1839 fecit
602 1764 795 1840 intervalio
808 1766 905 1838 inter
922 1761 1191 1865 separationem

195 1875 520 1969 ‘pronunciatam
558 1893 596 1952 et
628 1877 932 1956 communionem
967 1874 1205 1966 restitutam

221 1981 346 2058 'valere
366 1988 511 2064 debent.
526 1991 604 2067 Art.
625 1995 679 2065 13.
695 1991 804 2065 Nulla
821 2005 942 2063 autem
959 1987 1057 2063 foret
1069 1983 1207 2060 omnia⁴

220 2101 435 2186 conventio,
467 2129 540 2199 qua
577 2103 751 2201 conjuges
784 2094 1192 2178 communionem-auh

220 2205 300 2278 aliis
330 2211 601 2287 conditionibus
631 2215 884 2303 restituerent,
915 2238 1029 2313 quam
1055 2207 1192 2309 quibus

188 2372 191 2378 ·
220 2331 328 2398 antea
342 2323 549 2423 regebatur.
565 2328 602 2402 d.
614 2343 683 2406 art.
704 2327 745 2402 13
760 2333 798 2401 in
805 2328 901 2424 stne²

270 2466 491 2543 Communio
519 2497 596 2554 non
623 2482 745 2571 potest
772 2469 934 2559 restitui,
959 2469 1029 2543 nisi
1058 2470 1194 2544 instru-

220 2595 348 2655 mento
368 2583 596 2676 authentico;
624 2587 698 2657 Art.
725 2610 767 2657 12
789 2589 827 2656 ἱη
839 2585 932 2680 fine,
952 2597 989 2656 et
1015 2579 1191 2681 conjuges

222 2691 374 2769 effeetus
396 2698 676 2773 communionis
702 2714 911 2771 restauratae
938 2696 1054 2771 tertiis
1072 2721 1194 2796 oppo-

223 2831 315 2878 nere
340 2832 549 2908 nequeunt‚
565 2813 741 2912 quamdiu
760 2840 837 2884 non
857 2813 980 2911 palam
996 2811 1192 2898 fecerunt,

221 2923 524 2994 communionem
543 2925 578 2993 in
595 2925 794 3023 pristinum
811 2938 944 2996 statum
957 2949 1036 2998 esse
1050 2923 1207 2998 restitue·

221 3042 310 3105 tam.
328 3033 409 3108 Art.
430 3037 485 3129 14.

269 3155 443 3230 Formam
460 3162 614 3236 aetionis
647 3162 884 3262 separationis
914 3161 1127 3248 honorum,
1155 3176 1193 3236 et

220 3269 389 3344 universe
405 3275 572 3347 omnium
590 3303 826 3378 eorumquae
840 3276 886 3350 ad
894 3276 988 3350 hanc
1001 3276 1193 3349 materiem

219 3385 422 3485 pertinent,
447 3385 596 3463 definiet
615 3391 756 3481 Codex,
774 3389 900 3490 quide
923 3391 1091 3465 Metlrodo
1108 3414 1192 3486 pro

220 3503 358 3574 cedenti
378 3509 415 3574 in
434 3510 552 3577 causis
580 3507 741 3580 civilibus
775 3504 1000 3580 conficietur.
1033 3507 1109 3578 Art.
1135 3503 1206 3577 15.-

220 3617 265 3688 In
290 3617 372 3716 jure
391 3621 531 3695 Gallico
557 3636 593 3695 et
624 3626 748 3697 Codex
779 3629 908 3710 ciuilis,
943 3637 978 3694 et
996 3618 1119 3692 Codex
1139 3616 1187 3690 de

220 3732 389 3823 Methodo
415 3737 634 3830 procedendi
673 3736 742 3808 hac
783 3735 830 3807 de
867 3761 908 3806 re
946 3745 1080 3831 agunt;
1117 3726 1204 3804 hoc'

102 3838 108 3860 ²
221 3864 342 3924 autem
364 3873 447 3924 oum
466 3850 611 3938 inutile,
633 3864 712 3921 tum
737 3846 944 3922 confusioni
964 3859 1073 3944 atque
1093 3843 1190 3926 diffi-

220 3961 412 4042 cultatibus
432 3992 566 4049 ansam
584 3963 750 4065 praebere
776 3963 892 4034 visum
910 3973 975 4032 est.
995 3961 1072 4031 oid.
1098 3960 1211 4055 Res-t,

216 4100 317 4173 pons.
333 4081 392 4153 ad.
413 4081 595 4160 Observa.
611 4096 676 4155 art.
703 4082 724 4156 3
743 4095 779 4200 et
799 4079 833 4152 5.
863 4077 971 4202 hujus
984 4069 1085 4153 'tituli
1103 4079 1141 4156 V
1136 4075 1205 4152 ΙΙ..
