2596 4724
302 437 307 445 .
536 412 539 420 .
590 343 720 442 (υ)

173 490 310 578 potest,
337 489 377 554 ut
406 473 579 549 alteruter
593 460 682 562 ,vel
709 482 862 569 uterque
881 468 1028 541 interim
1051 494 1139 557 eum

173 589 242 685 alia
261 614 418 688 persona
443 586 719 659 matrimonium
744 582 992 682 contraxerit;
1011 608 1137 656 nonne

172 702 281 802 igitur
319 699 507 802 quoddam
535 698 713 787 dedecus,
749 698 918 797 quaedam
949 699 1136 801 turpitudo

172 814 300 890 locum
328 814 512 900 haberet,
542 811 680 891 siduae
711 836 902 913 personae,
931 837 1015 910 quae
1054 811 1145 883 nihil

170 929 326 1027 amplius
360 952 485 1000 secum
518 949 715 998 commune
746 925 899 1015 hahent,
934 925 981 997 ad
1017 942 1141 1000 actum

169 1065 396 1114 concurrere
424 1036 620 1127 deberent,
655 1037 757 1136 cujus
787 1064 912 1123 causas
931 1052 968 1110 e't
987 1055 1141 1113 antece-

169 1149 308 1241 dentia,
344 1178 489 1252 semper
518 1149 742 1251 injucunda,
782 1152 967 1251 utriusque
1002 1139 1142 1224 familia

38 1361 44 1372 ι
166 1262 387 1380 plerumque
407 1265 575 1365 ignorat?
589 1265 798 1337 Consensus
817 1264 925 1364 igitur
943 1263 1056 1338 solius
1074 1293 1139 1365 pa«

168 1379 235 1454 tris
249 1380 376 1468 efficit,
394 1392 434 1451 ut
447 1381 571 1451 omnia
584 1378 645 1449 illa
665 1379 903 1450 incommoda
921 1394 1140 1477 praevertam.

167 1506 254 1580 tur,
274 1510 387 1590 utque
406 1490 565 1563 familiae
583 1488 765 1591 legitimae
791 1491 896 1589 quies
915 1515 993 1562 non
1011 1491 1137 1566 turbe

166 1615 237 1676 tur.
260 1605 364 1696 Cous.
380 1605 551 1698 Respons.
571 1605 621 1674 ad
633 1603 803 1677 observat.
826 1606 908 1676 Art.
939 1606 995 1678 16.

212 1711 344 1785 ¹Liberi
362 1710 544 1815 naturales
562 1738 640 1785 non
659 1712 791 1813 agniti,
808 1730 869 1788 aut
890 1739 1051 1815 quorum
1075 1744 1139 1818 pa.

164 1841 271 1901 teret
289 1839 407 1898 mater
424 1825 561 1899 mortui
581 1839 685 1914 sunt,
715 1826 775 1899 vel
792 1826 1020 1902 voluntatem
1038 1854 1143 1903 suam

166 1937 356 2013 declarare
374 1965 451 2013 non
472 1932 641 2038 possunt,
661 1940 839 2038 usquead
857 1968 995 2015 annum
1009 1943 1144 2017 vicesi-
1168 2017 1174 2025 ,

164 2077 268 2126 mum
282 2052 431 2125 tertium
450 2048 659 2149 impletum,
675 2049 841 2149 indigent
857 2056 1073 2127 auctoritate
1088 2055 1142 2155 jua.

164 2163 256 2237 dicis
283 2162 485 2262 inferioris,
508 2162 594 2261 qui,
622 2178 819 2262 postquam
839 2191 970 2239 eorum
1002 2183 1141 2246 tutores

163 2274 407 2365 consuluerit,
439 2285 500 2349 aut
529 2275 656 2350 saltem
684 2275 959 2370 suscitaverit,
992 2283 1140 2358 veniam

164 2392 373 2466 concedere
400 2404 461 2463 aut
479 2415 651 2465 recusare
677 2391 805 2483 debet,
831 2395 933 2478 salvo,
958 2398 1140 2481 tutoribus
1199 2466 1204 2474 .

163 2522 201 2582 et
227 2507 313 2608 ipsis
336 2505 462 2583 liberis
481 2505 708 2588 naturalibus
727 2533 892 2608 regressu
909 2510 957 2581 ad
974 2511 1140 2610 jndicem

164 2624 414 2722 superiorem,
443 2620 576 2698 eodem
593 2621 727 2712 modo,
748 2649 791 2696 ac
818 2650 927 2725 supra
946 2625 992 2700 de
1010 2627 1137 2704 liberis

161 2732 345 2831 legitimis
364 2733 528 2805 diximus.
565 2736 645 2810 Art.
676 2762 731 2838 17.
761 2742 891 2837 juncto
920 2757 987 2813 art.
1020 2744 1075 2816 15.
1102 2743 1139 2816 Si

163 2868 254 2920 vero
275 2855 393 2938 pater,
414 2841 472 2913 vel
488 2856 616 2928 mater,
645 2845 748 2938 cujus
767 2872 967 2924 consensus
988 2852 1035 2920 ad
1054 2880 1138 2922 ma-.

162 2956 377 3043 trimonium
417 2952 622 3026 liberorum
664 2954 885 3036 naturalium
914 2962 1136 3061 requiritur,

165 3097 251 3146 eum
265 3094 488 3145 consensum
501 3082 584 3170 post
593 3067 656 3140 lilii
673 3069 730 3142 vcl
745 3068 840 3145 filiae
855 3100 992 3159 annum
1009 3080 1136 3159 aetatis

162 3187 378 3262 vicesimum
395 3186 563 3285 quintum
587 3187 824 3280 recusaverit,
851 3187 982 3263 eadem
1005 3189 1136 3276 obser,

160 3297 280 3373 vande
299 3311 404 3385 sunt,
421 3323 514 3397 quea
534 3297 633 3380 cirea
648 3297 787 3373 liberos
812 3299 993 3402 legitimos
1008 3303 1134 3389 locum

139 3411 301 3486 *hahere
322 3409 486 3485 diximus.
516 3413 597 3495 Vm
629 3429 696 3498 art,
724 3415 786 3505 23,
807 3420 944 3516 junctis.
969 3424 1133 3504 articulis

156 3513 212 3613 ¹8
239 3543 381 3638 etseqq
604 3624 624 3719 5
664 3625 689 3698 6

460 3771 535 3846 ‘De
559 3773 658 3869 justa
673 3771 817 3870 forma.

142 3973 147 3986 ,
211 3915 294 3994 Jam
317 3912 399 4014 cop
416 3915 639 4004 ervenimus,
668 3932 707 3989 ut
740 3906 926 3992 videamus
957 3921 1003 3995 de
1031 3942 1131 4011 sexto

156 4027 387 4114 matrimonii
403 4029 609 4142 requisito,
639 4054 773 4132 nempe
803 4032 850 4106 de
877 4031 970 4133 justa
991 4035 1132 4132 fornia,
