2596 4724
650 379 669 474 (
697 381 805 475 116)
1276 466 1279 474 ¹

240 510 428 587 definitam
454 509 724 611 separationem
746 509 842 584 thori
868 524 904 583 et
925 535 1060 584 mensae
1080 505 1236 610 petere'
1250 608 1269 614 .‚

239 639 375 727 potest,
410 647 542 720 neque·
563 636 688 695 tamen
711 621 908 722 conjugem
935 647 1075 720 suum,⁴
1095 646 1207 720 quem

240 736 439 839 aliquando
468 734 610 825 dilexit,
638 751 784 809 etcum
811 763 888 835 quo
905 734 1043 808 liberos
1072 733 1207 823 habet,

238 853 337 954 turpi
357 849 492 923 actioni
506 849 581 921 vult
600 874 797 948 exponere,
807 849 856 921 ab
872 875 917 924 eo
930 831 1058 922 mutud
1075 849 1217 921 utrius-·

238 990 312 1063 que
327 985 511 1036 consensu
528 958 688 1060 legitime
704 960 1011 1064 possit-separari,
1028 989 1151 1063 neque
1165 977 1219 1037 ex'

236 1077 315 1178 ipsa
343 1101 408 1149 sua
435 1073 687 1148 misericordia
710 1066 822 1176 atque
843 1102 989 1151 morum
1011 1076 1183 1150 facilitate
1197 1083 1220 1165 ,³
1281 1108 1283 1112 ·

140 1273 143 1280 ,
236 1189 371 1265 misere
385 1191 501 1263 vitam·
513 1188 647 1293 degere
661 1207 824 1292 cogatur.
844 1193 942 1289 conf.
962 1193 996 1263 cl.
1012 1197 1126 1263 oratio
1138 1196 1220 1262 viri·

237 1305 388 1383 consult.
423 1305 575 1381 Niconis
599 1308 656 1380 die
683 1305 815 1404 6Ῑαὶἰί
852 1311 941 1380 1822
973 1303 1103 1377 habita.
1139 1303 1222 1375 Sed·

236 1443 364 1490 nonne
400 1415 511 1492 facile·
547 1416 726 1515 ejusmodi
761 1418 941 1518 separatio
976 1418 1014 1488 in
1043 1415 1213 1490 fraudem

237 1528 462 1603 creditorum
482 1529 560 1603 fieri
586 1532 730 1631 potest?
747 1532 794 1604 Hi
811 1532 911 1604 enim
930 1557 1006 1604 non
1029 1556 1067 1603 se
1089 1554 1217 1629 oppoa

234 1666 327 1713 nere
344 1658 517 1740 possunt,
536 1643 712 1737 quoniam
729 1643 824 1711 actio
839 1649 1091 1736 principaliter
1114 1644 1213 1739 ipsos

235 1750 432 1850 conjuges,
453 1752 615 1849 ideoque
641 1765 771 1824 statam
780 1756 1018 1848 personarum
1047 1767 1187 1853 spectat
1201 1788 1216 1842 ‚·

237 1881 274 1941 et
291 1860 476 1966 separatio⁴
497 1865 669 1940 bonorum
687 1865 758 1940 hoc
793 1891 880 1939 casu
905 1881 1048 1939 tantum
1075 1866 1218 1968 quippe

237 1988 476 2056 accessorium
489 1978 957 2081 quidconsideraripotest.
982 1983 1061 2054 Vid.
1083 1997 1149 2052 ara.
1170 2007 1216 2054 tt.

239 2092 451 2193 Optandum
470 2095 577 2191 igitur
607 2107 679 2178 est,
701 2090 979 2190 dispositionem
998 2098 1147 2166 articuli
1166 2087 1216 2165 6'6

239 2208 380 2274 Codicis
399 2207 600 2274 commercii
615 2204 755 2289 Gallici,
773 2228 848 2300 qua
865 2202 1069 2280 creditores
1087 2203 1215 2276 admit·

220 2330 367 2393 tuntur
400 2316 448 2387 ad
479 2315 820 2403 interveniendum,
852 2331 1026 2416 quantum
1058 2323 1216 2414 ipsoram

239 2441 400 2520 interest,
420 2430 642 2530 separationi
661 2429 757 2502 thori
782 2444 818 2504 et
836 2452 975 2505 mensae
994 2430 1216 2533 conjugum,

240 2572 401 2648 quorum
421 2545 513 2617 alter
531 2557 778 2618 mercaturam
793 2543 881 2618 facit
898 2600 907 2631 ‚
936 2543 1216 2645 dispositionem

239 2654 354 2748 hanc,
373 2659 479 2747 dico,
497 2658 534 2729 in
552 2655 610 2756 jus
628 2657 818 2758 Belgicum
835 2660 1119 2761 transscriptam,
1137 2686 1217 2745 non

239 2789 383 2848 tantum
401 2774 447 2846 ad
462 2786 726 2859 mercatorum,
745 2770 809 2849 sed
828 2771 876 2843 ad
895 2787 1107 2858 ceterorum
1124 2799 1218 2874 qum

240 2908 315 2981 que
353 2880 553 2976 conjugum
582 2881 833 2977 separationes
861 2882 956 2957 thori
992 2901 1029 2959 et
1061 2911 1214 2978 mensae,

242 2991 401 3067 relatum
416 2989 472 3062 iri.

291 3139 533 3240 Legislatores
574 3138 691 3212 nostri
733 3140 1003 3241 separationem
1039 3143 1139 3232 thori
1182 3163 1217 3221 et

242 3280 380 3344 mensae
416 3278 484 3353 per
515 3266 684 3327 mutuum
720 3280 942 3331 consensum
972 3254 1216 3351 admittentes,

244 3395 375 3445 omnes
410 3365 517 3440 simul
547 3366 804 3480 dispositiones
836 3384 946 3471 atque
976 3370 1114 3460 formas
1142 3390 1219 3448 sta-

244 3498 416 3572 tuerunt,
450 3481 584 3584 quibus
611 3495 876 3582 praevertentur
902 3483 982 3572 lites
1002 3500 1039 3558 et
1067 3483 1219 3580 effectus

243 3593 335 3674 levis
349 3597 501 3698 alicujus
517 3594 718 3697 conjugum
735 3596 1005 3685 inconstantiae.
1027 3599 1095 3672 sic:
1124 3594 1129 3605 '
1208 3670 1212 3701 i

299 3758 344 3814 1⁰.
359 3739 583 3839 Requiritur,
608 3725 648 3811 ut
667 3738 940 3811 matrimonium
957 3737 1031 3837 jam
1045 3766 1112 3840 per
1125 3740 1225 3818 duos.

250 3852 384 3928 saltem
409 3878 525 3924 annos
553 3851 648 3923 inter
672 3847 847 3950 conjuges
872 3850 1096 3941 constiterit,
1123 3871 1221 3929 ante·

248 3991 359 4064 quam
375 3962 754 4064 hanc‘separationem
774 3980 896 4061 petere
918 3953 1071 4060 possint;
1093 3966 1168 4040 Art.
1198 3968 1221 4060 4

248 4078 387 4156 debent
403 4081 501 4157 enim
519 4106 587 4185 per
605 4082 690 4158 satis
707 4078 858 4184 longum
876 4093 1018 4186 tempus
1032 4081 1223 4189 conjuncti
