2596 4724
231 409 233 413 ,
586 318 668 410 (21
698 318 714 406 l
989 413 993 419 ,
1123 400 1131 415 ,

158 443 395 528 intervenisse
416 443 462 515 ad
488 445 787 525 conciliationem
810 445 845 517 in
866 444 1030 529 casibus,
1049 441 1133 546 qul-

160 553 230 639 bus
248 558 320 630 hoc
340 558 569 657 requiritur,

206 693 259 784 40.
284 689 610 776 Instrumentume
631 717 706 798 qno
726 693 763 762 in
781 717 868 767 casu
893 650 1138 765 secundatum

155 803 368 903 nuptiarum
400 820 543 886 constat
574 804 620 879 de
651 821 772 880 morte
810 802 978 906 conjugis
1006 801 1140 907 prioris

155 912 346 1005 defuncti,
366 915 423 990 vel
444 918 490 991 dc
512 915 686 996 divortio.

209 1046 257 1120 5⁰.
285 1047 556 1139 Instrumenta,
579 1075 676 1149 quae
697 1047 1036 1148 probant'mortuas
1058 1069 1137 1118 esse

164 1187 340 1261 personas
356 1220 365 1253 ,
379 1189 776 1272 ,quorum-consensus
801 1159 1078 1267 requirebatur3
1099 1182 1142 1235 ac

141 1295 143 1301 ’
164 1275 356 1376 denique,

209 1405 258 1478 6⁰.
285 1405 571 1495 Testimonium,
600 1431 715 1506 equo
735 1420 896 1491 constat,
929 1403 1145 1505 promulgae

160 1519 280 1593 tiones
305 1547 383 1595 esse
398 1521 511 1600 factas
536 1523 616 1605 sine
635 1522 926 1624 oppositionem
945 1519 1050 1611 locis,
1073 1519 1145 1603 ubi
1191 1566 1201 1583 ι,

158 1630 237 1713 fieri
254 1660 314 1719 eas
327 1634 465 1721 debere
476 1665 586 1739 supra
599 1636 774 1726 vidimus;
791 1636 849 1710 vel
858 1634 1145 1738 probationem,-

160 1750 434 1844 oppositiones,
461 1751 606 1848 siquae
630 1751 758 1860 locum
771 1750 1000 1838 habuerunt,
1018 1752 1146 1832 missas

160 1885 240 1939 esse
252 1860 379 1946 factas
400 1862 554 1956 4144

211 1989 246 2061 Si
280 1991 364 2090 quis
393 1989 605 2076 futurorum
631 1988 832 2092 conjugum
860 1992 1147 2070 instrumentum

160 2103 374 2196 nativitatis,
389 2105 436 2180 de
458 2133 533 2207 quo
553 2125 596 2178 n⁰
619 2133 631 2178 1
652 2106 903 2192 locutisurnus
919 2104 1146 2189 nullomodo

161 2217 230 2298 eibi
268 2244 486 2321 comparare
518 2235 672 2320 potest,
715 2222 877 2308 sufficit,
918 2221 948 2295 si
978 2220 1147 2300 exhibeat

160 2332 456 2422 instrumentum,
471 2335 571 2429 (ulte
584 2357 667 2405 van·
681 2334 915 2429 belrendheid)
933 2333 1147 2417 confectum

159 2444 325 2544 ajudice
359 2445 531 2521 inferiori
564 2446 640 2528 loci
664 2445 860 2524 nativitatis
880 2459 941 2525 aut
968 2445 1145 2519 domicilii

161 2563 244 2649 sui,
275 2562 313 2648 in
344 2589 421 2663 quo
442 2565 692 2647 instrumento
715 2576 877 2660 quatuor
906 2572 1040 2647 testes,
1069 2560 1148 2630 sine

167 2673 381 2757 discrimine
401 2675 521 2752 sintne
539 2672 717 2762 masculi,
738 2671 985 2760 arseminae,
1004 2675 1149 2773 cognati

165 2814 214 2869 an
230 2788 411 2875 extranei,
427 2788 628 2876 declarent,
649 2787 785 2875 locum,
804 2803 840 2866 et
856 2787 1147 2889 quamproxime

165 2903 219 3000 (l)
249 2897 329 2973 lie‘ri
349 2900 680 3005 possit„tempuS,
702 2929 790 3004 -quo
809 2918 915 2985 natus
935 2921 989 2979 est
1003 2902 1148 2990 futurus

166 3013 322 3118 conjux,
357 3042 524 3094 necnon
550 3044 703 3108 causas,
733 3046 828 3118 quae
853 3020 1147 3118 impediverunt,

206 3369 247 3450 (ἢ)
267 3371 379 3445 luart.
397 3391 430 3453 51
451 3369 529 3443 (lod.
543 3373 620 3453 Nep.
633 3370 770 3454 legitur:
788 3389 916 3442 turtur
928 3375 1148 3455 quepossible‚

168 3469 304 3552 l'e'poque
337 3469 376 3530 de
402 3490 437 3528 sa
462 3472 654 3542 naissance,
680 3491 697 3531 e
723 3491 784 3552 qna
808 3493 885 3535 voce
909 3486 1034 3537 turtur
1060 3487 1154 3559 sequi

163 3561 320 3643 ridetur,
350 3558 504 3646 ejusmodi
531 3567 799 3642 instrumentum,
837 3567 924 3651 quod
952 3567 1044 3646 unice
1073 3566 1143 3629 lere

161 3663 352 3744 requiritur,
364 3673 399 3723 ut
409 3663 448 3726 de
463 3672 551 3733 aetate
564 3617 820 3734 contrahentium
831 3673 964 3737 constet,
973 3642 1045 3726 fieri
1056 3686 1146 3746 posse

171 3758 239 3819 sine
266 3763 329 3822 ulla
358 3761 517 3823 mentione
539 3761 654 3838 etatis,
675 3762 848 3825 dummodo
877 3760 1000 3824 scilicet
1024 3771 1150 3871 tempus

164 3852 334 3924 nativitatis
364 3857 458 3940 plane
485 3856 702 3941 ignoraverint
727 3868 833 3922 testes.
868 3857 962 3920 Recte
993 3857 1091 3941 igitur
1118 3858 1150 3922 iu

169 3950 287 4023 Codice
313 3965 421 4015 nostro
437 3951 590 4039 scriptum
607 3966 660 4016 est
684 3979 737 4019 zoo
762 3973 803 4025 nt
822 3954 992 4053 ntogelijl,
1001 3959 1152 4056 uussiafl·

171 4053 482 4152 proxuuattvement
472 4077 530 4137 quc
543 4057 684 4138 possibl.
