2596 4724
225 475 264 483 Η
572 371 696 464 (29)

154 492 269 567 civilis
292 493 499 569 confectum
518 511 581 568 est.
607 497 714 587 Quod
733 495 779 567 ad
800 513 904 570 testes
924 499 1065 597 attinet,
1086 498 1114 567 si

156 607 245 707 quid
257 625 447 709 peecatum
466 611 509 684 sit
525 628 653 685 contra
670 613 778 701 illud,
799 612 901 712 quod
919 615 954 683 iu
975 617 1050 684 Art.
1069 613 1116 682 50

155 717 203 791 de
223 721 264 793 iis
292 724 571 820 praescribitur,
593 754 667 798 non
689 752 835 826 semper
859 743 894 799 et
914 726 1117 798 necessario

156 831 424 905 matrimonium
461 835 602 908 nullum
637 835 859 922 declaratur,
892 836 956 909 sed
991 834 1119 936 judicis

157 942 308 1019 arbitrio
327 950 397 1022 hoc
411 947 611 1022 seeundum
636 951 922 1025 circumstantias
937 966 990 1023 est
1006 949 1118 1023 relie-

156 1067 245 1129 tum.
266 1062 344 1132 Art.
364 1061 422 1136 66.

204 1185 308 1260 Hane
328 1190 606 1290 dispositionem
625 1191 737 1262 sectio
754 1189 921 1288 quaedam
941 1190 1121 1261 Ordinem

157 1301 382 1394 generalium
401 1302 479 1374 tolli
498 1302 679 1403 cupiebat,
692 1301 892 1374 aedmerito
906 1326 1121 1403 responsum

159 1425 232 1496 est,
250 1418 438 1487 articulum
457 1417 521 1501 50,
542 1416 570 1487 si
597 1415 667 1487 hoc
685 1413 800 1501 lieret,
821 1415 857 1484 in
873 1413 1013 1486 nudum
1029 1439 1126 1513 prae-

158 1535 322 1620 eeptum,
340 1525 440 1598 omni
461 1524 591 1598 effectu
608 1524 834 1613 destitutum,
857 1552 934 1598 esse
959 1523 1122 1624 degene-

154 1647 342 1746 ratarum,
364 1637 431 1708 nisi
447 1635 646 1725 diceretur,
676 1639 818 1738 nuptias
840 1663 983 1736 semper
1005 1636 1123 1709 nullas

157 1770 234 1816 esse
249 1747 505 1833 declarandas,
536 1752 564 1818 si
595 1747 800 1820 celebratae
825 1775 901 1819 non
932 1764 1015 1818 sunt
1034 1774 1123 1844 prae-

157 1855 317 1927 sentibus
339 1872 496 1957 quatuor
513 1857 682 1944 testibus,
707 1857 908 1929 secuudum
926 1865 1121 1928 articulum

158 1970 206 2040 50
238 1968 403 2058 idoneis;
435 1969 537 2071 quod
573 1986 768 2071 utrumque
800 1972 968 2071 gravibus
1000 1999 1124 2045 ansam

156 2083 337 2182 praeheret
360 2084 648 2175 difficultatibus3
684 2087 842 2176 sienim,
865 2086 968 2160 verbi
1003 2087 1125 2176 causa,

162 2223 315 2271 unume
339 2200 489 2273 testibus
508 2258 516 2288 ,
549 2202 612 2298 qui
632 2227 755 2272 errore
775 2199 938 2299 quodam
949 2199 1127 2299 majorem

157 2335 195 2382 se
209 2311 408 2401 erederet,
439 2313 623 2383 minorem
651 2310 768 2381 adhuc
787 2312 898 2380 fuisse
914 2327 1124 2408 appareret,

157 2424 292 2502 durum
307 2425 506 2501 admodum
518 2423 629 2511 foret,
647 2423 825 2523 ejusmodi
844 2426 1127 2510 matrimonium,

157 2535 257 2609 bona
283 2537 353 2611 fide
383 2552 631 2623 contractum,
651 2534 796 2607 nullum
824 2533 1027 2620 declarari;
1054 2548 1129 2606 ete

157 2653 367 2740 contrario,
401 2653 428 2723 si
462 2666 605 2750 partes,
653 2663 692 2718 ut
731 2649 979 2747 magistratum
1018 2660 1130 2720 status

159 2761 272 2835 civilis
315 2764 545 2862 deciperent,
581 2775 738 2861 quatuor
775 2761 987 2858 peregrinos
1023 2775 1129 2833 testes

159 2871 362 2948 adhibuisse
390 2887 549 2961 constat,
586 2872 729 2944 nullum
760 2869 913 2944 dubium
940 2886 1008 2959 est,
1040 2875 1129 2971 quin

155 3103 1093 3139 „..,..—..................—.....

162 3274 262 3337 Statds
278 3275 386 3338 Civills
413 3296 475 3336 uon
490 3285 706 3358 competente3
723 3276 754 3338 in
772 3287 859 3338 textu
883 3287 988 3340 autem
1012 3280 1131 3340 Gallico

162 3373 314 3454 scriptam
329 3382 394 3448 est,
409 3373 626 3434 L'orrrcmade
639 3375 808 3448 resarcivit,
819 3375 906 3435 Ratio
919 3373 1011 3454 hujus
1027 3374 1134 3435 discri-

161 3468 254 3529 minis
291 3468 458 3552 quoerenda
485 3467 613 3531 videtur
637 3469 668 3528 in
697 3468 810 3551 lingum
831 3471 955 3531 Gallicae
980 3468 1085 3529 indole
1101 3478 1133 3528 et

161 3577 286 3644 natura,
303 3567 416 3650 quibus
428 3566 489 3628 hoc
501 3588 591 3627 sensa
603 3567 750 3628 articulus
759 3569 936 3630 indefinitus
950 3585 988 3628 nr
1005 3563 1132 3648 afficiar,

161 3683 224 3723 non
239 3664 404 3726 convenire
418 3652 560 3736 videtum
574 3663 605 3721 in
620 3662 732 3725 Codice
747 3667 831 3726 enim
849 3664 972 3725 Gallico
984 3664 1130 3724 articulus

165 3759 239 3839 196,
259 3760 309 3818 eui
330 3760 430 3821 dietus
454 3774 514 3820 art.
533 3757 582 3822 66.
603 3757 677 3820 cod.
703 3760 786 3842 Belg.
809 3756 993 3841 respondet,
1020 3757 1130 3819 eodem
1213 3804 1216 3811 .

161 3853 230 3914 fere
261 3855 354 3915 mode
380 3856 574 3938 conscriptus
606 3866 662 3916 est.
694 3857 840 3917 Ceterum
871 3851 989 3912 nullam
1017 3851 1130 3916 exinde

163 3947 377 4019 difficultatem
391 3953 469 4015 oriri
480 3954 784 4031 existimamus,cum
793 3950 872 4015 alter
886 3958 988 4014 textus
998 3950 1131 4013 alterum

163 4047 262 4145 possit
273 4046 441 4132 explicare.
