2596 4724
232 492 273 554 ut
298 479 347 553 ita
366 481 598 556 occasionem
621 483 871 570 nanciscatur,
905 479 1040 554 diutius
1071 477 1110 549 in
1142 471 1214 554 res-1

230 595 501 670 communionis
531 595 733 696 grassandi;
764 592 1032 697 respondemus
1061 604 1204 677 autem,

229 709 349 811 legem
368 707 443 810 jam
461 710 533 785 alio
551 709 663 784 modo
680 714 844 798 curasse,
865 735 913 782 ne
938 733 1033 781 uxor
1050 703 1205 777 durante

229 820 295 897 lite
316 821 612 923 dissipationibus
631 821 689 895 vel
698 820 889 896 calumniis
899 820 1020 895 mariti
1029 816 1204 890 damnum

230 936 364 1038 capiat,
402 949 522 1034 potest
557 936 671 1022 enim,
704 933 792 1028 dum
822 933 865 1007 lis
896 933 942 1006 de
975 926 1206 1033 separatione

227 1050 416 1128 bonorum
430 1050 559 1150 agitur,
569 1048 786 1123 auctoritate
799 1045 947 1146 judicis,
955 1046 1008 1119 uti
1022 1040 1206 1131 remediis,

229 1163 366 1263 quibus
393 1150 611 1264 praecaveat,
643 1188 690 1240 ne
720 1161 822 1235 bona
850 1159 1110 1246 subtrahantur
1145 1168 1209 1227 aut

229 1275 463 1378 dissipentur.
484 1279 561 1350 Art.
583 1278 617 1351 6ι
640 1275 770 1367 Qualia
790 1291 912 1353 autern
937 1275 1017 1347 baec
1043 1268 1209 1342 remedia

156 1394 158 1399 ’
229 1391 304 1466 sint
334 1387 475 1480 futura,
507 1388 657 1464 docebit
690 1387 838 1479 Codex,
874 1391 938 1488 qui
968 1391 1011 1462 de
1036 1383 1208 1465 Methodo

223 1491 439 1603 procedendi
455 1511 492 1575 in
523 1508 641 1577 causis
676 1502 841 1577 ciuilibus
872 1499 1100 1575 conficietur.
1125 1498 1162 1569 V
1158 1497 1207 1568 id.

224 1617 402 1709 ‘Respons
422 1617 472 1686 ad
483 1616 619 1686 observ.
636 1631 702 1684 art.
713 1615 755 1684 ¹6.
777 1615 833 1686 Sic
848 1616 957 1714 igitur
969 1613 1078 1686 nobis
1094 1611 1208 1712 magis
1225 1706 1229 1711 ,

227 1727 441 1826 placuisset,
456 1727 484 1800 si
500 1725 681 1826 separatio
693 1720 884 1805 bonorum
897 1741 979 1826 post
988 1724 1208 1809 senteutiam

215 1833 395 1928 demum,
415 1836 751 1938 quapronuneiata
780 1852 852 1929 est,
872 1832 1056 1912 effectum
1069 1829 1207 1924 habere

227 1951 421 2053 inciperet.
833 1969 835 1975 ·

276 2117 466 2211 Separatio
482 2143 503 2184 a
517 2101 640 2211 judice
659 2115 902 2212 pronunciata
917 2115 1083 2190 dissolvit
1098 2140 1219 2188 com·

227 2228 446 2303 munionem
474 2240 511 2301 et
534 2226 668 2304 marito
699 2227 824 2304 adimit
841 2227 898 2329 jus
927 2229 1213 2319 administrandi,

226 2340 328 2422 bona
344 2340 485 2427 uxoris,
505 2330 586 2412 non'
602 2365 692 2418 vero
712 2340 808 2415 tollit
832 2341 1095 2442 obligationes,
1113 2371 1208 2444 quas

228 2451 447 2553 conjugibus
474 2451 630 2553 imponit
658 2468 787 2527 natura
805 2452 958 2543 vinculi,
978 2455 1082 2556 quod
1110 2458 1208 2542 inter

230 2595 295 2644 eos
313 2568 509 2642 subsistere
537 2567 665 2668 pergit.
687 2567 746 2642 Sic
763 2594 856 2642 uxor
875 2569 1007 2668 recipit
1025 2569 1208 2653 admittis-2

226 2683 424 2756 trationem
434 2683 800 2773 bonorum'suorum,
822 2700 857 2758 et
870 2685 1069 2786 impetrare
1084 2679 1207 2788 potest

227 2796 482 2902 auctoritatem
515 2799 714 2892 generalem
750 2797 797 2870 de
832 2801 945 2880 rebus
1000 2802 1204 2878 mobilibus

227 2901 460 3001 disponendi.
479 2907 556 2974 Art.
582 2932 625 2976 ro
654 2908 691 2978 Ιι.
711 2913 763 2978 er.
784 2909 855 2979 Sed
871 2937 949 2983 non
979 2930 1100 3012 potest
1120 2917 1201 2992 sine
1231 2941 1235 2947 ·

226 3012 443 3086 auctoritate
455 3015 600 3107 speciali
608 3027 702 3087 stare
716 3014 754 3084 in
768 3013 924 3115 judici03
936 3039 1006 3096 art.
1022 3027 1063 3112 8,
1085 3034 1139 3100 tit.
1155 3032 1200 3101 V.

224 3153 349 3225 neque
367 3125 468 3198 bona
483 3126 686 3202 immobilia
706 3127 884 3220 alienare,
904 3149 967 3215 aut
983 3135 1202 3238 hypothecae

226 3234 403 3336 obligare.
421 3238 498 3310 Art.
518 3239 559 3325 6,
591 3241 710 3312 aar.
731 3241 1014 3325 Observandum
1044 3266 1098 3324 est
1127 3253 1200 3329 hoc

224 3352 331 3440 loco,
351 3378 466 3451 quum
482 3359 582 3438 uxor
594 3353 705 3433 bonis‘
722 3373 889 3455 separata
909 3364 1125 3444 auctoritate
1144 3366 1202 3468 ju·

225 3465 316 3537 dicis
333 3490 414 3538 rem
427 3465 654 3547 immobilem
669 3467 854 3558 alienavit,
874 3472 1027 3579 ejusque
1040 3480 1202 3578 pretium
1288 3551 1292 3560 ,

223 3575 262 3646 in
279 3576 369 3648 alios
397 3602 482 3650 usus
502 3594 719 3653 convertere
743 3581 919 3680 neglexit,
940 3588 1111 3659 maritum
1129 3588 1201 3668 bac

105 3706 107 3711 ⁴
185 3728 190 3737 x
224 3685 569 3778 derenonteneri,
596 3690 663 3762 nisi
691 3690 736 3761 ad
752 3709 984 3767 contractum
1002 3696 1201 3794 perficiem,

129 3888 131 3892 ι
224 3795 313 3868 dum
328 3815 540 3889 concurrat,
562 3812 622 3871 aut
640 3802 835 3897 probatam
854 3805 912 3891 sit,
934 3809 1131 3905 pecuniam
1151 3815 1197 3895 ab
1285 3858 1289 3865 =

224 3933 269 3979 eo
286 3937 362 3983 esse
379 3928 580 4013 acceptam,
601 3914 640 3983 in
655 3914 777 4012 ejusve
790 3944 871 3990 rem
882 3943 1037 3994 versam.
1052 3943 1119 3999 art.
1140 3955 1194 4019 11,

225 4027 276 4098 tit.
300 4027 385 4102 VII.
405 4025 524 4103 Porro
551 4055 644 4106 uxor
665 4032 803 4108 reditus
825 4059 910 4116 suos
935 4042 1109 4143 percipit,
1131 4048 1196 4131 sed
1219 4124 1221 4133 ,
