2596 4724
165 480 321 565 trahitur
334 479 558 565 auctoritate
568 486 700 590 judicis
725 489 920 582 inferioris,
939 489 1141 569 secundum

165 618 235 675 art.
261 607 316 696 14.
336 611 380 677 tit
394 607 447 678 IV
470 607 658 705 specimen
683 606 973 678 conventionum
995 608 1142 708 nuptia*

167 714 259 787 lium
287 717 514 818 jungendum
533 731 587 792 est
605 718 752 808 libello,
771 744 847 818 quo
871 722 1067 794 auctoritas
1094 721 1142 794 ad

167 828 313 927 nuptias
340 830 519 904 ineundas
536 845 705 931 rogatur,
727 845 767 904 ut
785 829 833 904 de
853 836 1015 933 utroque
1033 832 1144 906 simul

166 954 355 1016 statuatur.
372 946 452 1018 Art.
473 971 529 1020 10.
919 944 922 949 ’

215 1077 264 1149 8⁰.
290 1078 382 1151 Cum
398 1081 612 1154 communio
633 1072 756 1180 legalis
775 1073 926 1179 proprie
948 1077 992 1151 sit
1014 1079 1142 1156 tacitus

164 1205 395 1281 contractus,
411 1215 540 1293 quem,
558 1190 812 1266 deficientibus
832 1188 1142 1267 conventionibus

163 1305 406 1401 nuptialibus,
425 1299 484 1378 lex
502 1328 571 1405 pro
592 1303 810 1402 conjugibus
821 1304 1021 1393 constituit,
1035 1307 1142 1406 isque

163 1428 374 1489 contractus
394 1414 543 1516 publice
563 1429 671 1488 notus
696 1416 758 1503 sit,
778 1414 961 1514 sequitur,
985 1413 1141 1516 stipula-

161 1526 312 1614 tiones,
354 1528 488 1626 quibus
528 1528 613 1601 huic
660 1527 868 1600 contractui
910 1526 1143 1628 derogatur,-

160 1640 304 1714 ratione
335 1644 527 1715 tertiorum
550 1640 651 1715 omni
676 1640 712 1714 vi
726 1666 804 1713 esse
830 1637 1039 1731 destitutas,
1068 1643 1141 1718 nisi
1167 1714 1171 1723 .

160 1752 347 1852 derogatio
366 1758 476 1826 etiam
489 1755 610 1852 palam
629 1755 674 1824 sit
686 1753 847 1840 reddita;
864 1755 950 1829 hinc
965 1753 1139 1832 constitu-

160 1879 240 1937 tum
253 1880 330 1954 est,
354 1877 395 1939 ut
418 1865 519 1938 nulla
543 1865 704 1939 clausula
722 1865 1013 1939 conventionum
1036 1897 1140 1970 nup-v

158 1982 320 2071 tialium,
343 2007 416 2082 qua
433 1978 686 2056 communioni
696 1978 800 2077 legali
816 1976 1014 2080 derogatur
1025 1983 1139 2057 elfeca

159 2110 239 2169 tum
251 2096 403 2171 haberet
414 2097 557 2169 ratione
569 2095 677 2183 tertii,
690 2096 758 2168 nisi
775 2093 864 2169 adie
875 2122 951 2196 quo
962 2097 1138 2202 inscripta

161 2226 214 2282 est
244 2210 334 2284 libre
359 2210 510 2308 publico
548 2208 764 2307 (openbaar
791 2212 964 2308 register)
982 2237 1065 2286 eam
1084 2213 1136 2288 ob

120 2321 122 2327 ’
159 2348 307 2394 causam
326 2320 558 2395 conficiendo
579 2322 616 2389 in
636 2320 808 2415 Grapheo
823 2321 1139 2414 Tribunalis'loci,

158 2432 224 2502 ubi
242 2431 447 2504 celebratae
465 2443 551 2502 sunt
569 2430 735 2530 nuptiae,
754 2420 825 2502 rel
842 2427 906 2500 ubi
930 2434 1135 2535 transcrip-

157 2557 237 2616 tum
267 2559 321 2617 est
351 2543 626 2617 matrimonium
656 2555 758 2615 extra
786 2538 889 2639 regni
907 2540 1137 2618 territorium

158 2656 300 2733 initum.
318 2659 393 2732 Art.
420 2684 474 2729 11.

205 2788 254 2872 9⁰,
281 2770 554 2844 Contentiones
586 2765 779 2871 nuptiales,
810 2791 896 2841 cum
915 2783 1135 2843 censeantur

157 2884 277 2959 factae
297 2909 376 2957 esse
394 2882 463 2956 sub
485 2881 718 2972 conditione,
749 2909 864 2984 quum
897 2890 1045 2981 nuptiae
1073 2912 1135 2961 se·-

112 3009 113 3012 ’
157 3017 335 3104 quantur,
353 2997 486 3074 nullius
508 2999 688 3073 momenti
708 3013 809 3086 sunt,
837 2997 1014 3096 quamdiu
1040 2998 1136 3075 haec

155 3116 320 3193 conditio
337 3142 416 3188 non
434 3113 583 3213 impleta
602 3125 667 3185 est.
683 3114 763 3184 Art.
784 3137 839 3182 12.

204 3250 355 3351 Rogavit
364 3247 478 3322 sectio
494 3240 679 3345 quaedam
697 3239 879 3314 Ordinum
890 3238 1135 3344 generalium,

154 3392 284 3447 nonne
311 3358 481 3439 constitui
501 3370 689 3459 oporteat,
722 3369 828 3456 pacta
847 3356 1023 3455 nuptialia
1048 3355 1135 3431 fore

156 3462 275 3568 nulla,
304 3490 385 3576 post
411 3489 553 3548 certum
576 3466 809 3566 intervallum
839 3462 935 3540 inter
963 3491 1134 3539 conven-

157 3589 277 3667 tioues
299 3589 429 3679 factas,
451 3603 487 3662 et
505 3580 782 3658 matrimonium
806 3580 1054 3674 celebratum,
1073 3580 1134 3653 vel

156 3709 265 3780 etiam
292 3708 331 3780 in
358 3729 464 3790 casu,
492 3725 567 3801 quo
591 3699 764 3771 alterutra
791 3693 951 3793 partium
983 3691 1132 3785 interim

157 3818 255 3892 aliud
288 3815 563 3894 matrimonium
593 3810 763 3885 iniverit?
790 3805 900 3882 Recte
932 3820 1056 3882 autem
1083 3809 1132 3884 ad

156 3930 321 4032 priorem
336 3956 461 4037 casum
485 3951 704 4027 responsum
720 3936 773 3996 est
793 3947 801 3991 ε
823 3945 940 4019 quum
952 3920 1132 4019 usquead
1185 4007 1188 4017 Ι

106 4056 107 4061 ’
154 4056 486 4148 momentumquo
499 4040 649 4142 nuptiae
664 4034 911 4128 celebrantur,
920 4049 1132 4115 contractus

937 4147 982 4224 K.
