2596 4724
596 330 722 434 <all

69 467 71 473 ’
130 548 133 552 ,
168 465 321 557 constat,
336 451 427 542 illud
443 493 519 544 esse
531 456 744 571 legitimum,
756 469 929 546 alteruter
942 452 1146 573 conjugunt

165 573 379 653 futurorum
388 602 426 655 se
433 583 482 655 ad
495 583 636 657 curiam
649 581 822 659 conferre
836 585 1148 687 nequeat‚poterit

166 690 446 770 matrimonium
471 697 650 772 celebrari
670 701 707 771 in
731 699 846 775 domo
875 701 1017 803 privata
1047 697 1149 799 ejus*

166 804 254 879 dem
269 807 356 899 loci,
387 808 452 884 sed
476 809 731 910 praesentibus
750 838 812 886 sex
836 812 1006 902 testibus;
1037 826 1147 886 causa‘

163 935 304 1008 autem,
325 947 392 994 cur
409 925 558 1024 nuptiae
588 923 628 996 in
647 925 788 1026 privati
815 925 930 1001 domo
950 925 1150 1021 sintcele⁴

161 1031 307 1122 bratae,
335 1035 373 1106 in
403 1037 663 1127 instrumento,
685 1037 788 1139 quod
816 1037 864 1112 de
890 1038 1146 1112 celebrat-ione

161 1145 372 1240 conficitur,
393 1152 547 1253 exprimi
566 1152 688 1226 debet.
721 1155 798 1227 Art.
826 1152 883 1225 51.-
915 1152 1145 1253 Regulariter

159 1258 273 1334 littori
311 1265 488 1369 conjuges
517 1268 586 1367 ipsi
616 1294 745 1341 coram
778 1269 992 1368 magistratu
1013 1274 1016 1279 '
1037 1280 1150 1340 status

160 1377 274 1453 civilis
303 1399 514 1481 praesentes
540 1382 668 1457 adesse
699 1383 847 1457 debenti
881 1387 960 1456 Art.
984 1383 1042 1457 52.
1071 1381 1148 1455 Sed

159 1494 235 1565 Rex
247 1512 400 1596 propter
418 1523 545 1598 graves
565 1509 693 1572 causas
711 1496 878 1597 partibus
893 1497 1042 1569 veniam
1061 1522 1150 1570 cons

158 1605 293 1676 cedere
324 1621 462 1704 potest,
490 1609 734 1679 contrahendi
766 1606 1048 1680 matrimonium
1078 1621 1148 1706 per

156 1733 441 1818 procuratorem
472 1719 687 1822 specialem,
708 1709 768 1795 cui
799 1719 872 1793 hoc
893 1721 1147 1794 instrumento

158 1831 369 1909 authentico
391 1852 445 1910 est
462 1835 687 1909 mandatum.
707 1836 742 1907 Si
756 1859 846 1908 vero
863 1831 1043 1906 mandans
1056 1847 1143 1907 aute

158 1947 449 2025 celebrationem
461 1951 547 2025 alias
555 1951 732 2051 legitimas
741 1949 884 2050 nuptias
897 1950 1141 2040 contraxerit,

157 2060 434 2135 matrimonium
477 2081 546 2162 per
587 2076 870 2161 procuratorem
916 2059 1147 2134 celebratum

158 2174 470 2261 considerabitur,
482 2175 588 2273 quasi
602 2201 795 2273 nunquam
806 2174 934 2246 locum
945 2172 1142 2247 habuisset.

159 2290 235 2361 Art.
257 2288 303 2364 53
336 2290 400 2388 (⁶),
426 2290 585 2383 Quidam
608 2315 654 2364 ex
683 2289 893 2363 Ordinibus
914 2287 1148 2390 generalibus

157 2677 425 2758 quemadmodum
441 2695 524 2739 nunc
546 2677 703 2750 sehabet,
722 2687 833 2762 praeter
849 2677 1140 2759 impossibilitatem

156 2771 336 2853 physicam,
355 2775 430 2832 alias
446 2795 574 2854 qnoque
600 2795 707 2835 causas
723 2775 826 2836 valde*
838 2775 1009 2858 legitimas,
1031 2776 1146 2837 matri·

158 2867 301 2926 monium
332 2866 370 2925 in
390 2867 511 2946 privata
540 2866 642 2926 domo·
665 2869 862 2944 celebrandi,
888 2872 1038 2933 continet.
1069 2871 1147 2932 Vnt·-

157 2963 310 3046 Ιῖεεροηε.ἱ
323 2963 371 3023 ad
384 2962 508 3032 Observ.
524 2960 595 3024 Art.
614 2961 663 3025 51.

199 3095 241 3175 θ’)
263 3097 369 3159 Primo
384 3096 499 3184 intuitu
511 3095 621 3157 stricto
637 3094 699 3177 jori
711 3094 907 3156 contrarium
917 3095 1021 3159 rideri
1034 3097 1146 3180 possit,

160 3193 288 3255 nullum
309 3213 376 3253 esse
394 3188 476 3252 illud
498 3190 585 3276 quod
609 3192 710 3274 gessit
726 3190 959 3270 mandatarius,
976 3204 1145 3277 antequam

158 3290 289 3352 sciverit
311 3288 493 3350 mandatum
518 3311 584 3351 esse
609 3298 809 3363 revocatum3
837 3288 904 3351 haec
931 3300 1036 3352 autem
1062 3290 1143 3352 ratio

71 3366 74 3382 ¹
156 3385 236 3468 legis
252 3406 320 3447 esse
334 3385 411 3445 mibi
424 3368 550 3448 ridetur
565 3408 573 3444 ε
587 3386 692 3448 Unum
706 3382 880 3448 alterumve
894 3385 1140 3474 matrimonium,

158 3484 279 3546 nullum
303 3506 371 3548 esse
396 3484 508 3560 debet3
531 3484 586 3547 ille
610 3495 716 3547 autem
745 3480 880 3568 conjnx,
906 3469 1057 3566 qui'cnm
1074 3481 1145 3562 ipso

156 3581 325 3644 mandante
341 3582 576 3644 matrimonium
591 3582 697 3657 inivit,
711 3582 815 3663 potuit
830 3581 955 3642 nescius
973 3599 1040 3640 esse
1055 3599 1141 3638 man·

157 3678 240 3755 dati;
253 3703 326 3743 cum
351 3702 368 3753 e
392 3681 552 3744 contrario
567 3680 637 3757 ille,
654 3680 709 3764 qui
729 3700 802 3740 cum
825 3677 1020 3739 mandatario
1049 3675 1134 3758 egit,

156 3799 220 3841 non
234 3781 404 3862 ignoraret,
417 3782 501 3843 huuc
517 3801 585 3843 esse
600 3781 841 3852 mandatarium,
867 3775 1003 3856 ideoque
1026 3795 1137 3836 casum

143 3877 286 3939 *venire
311 3901 418 3958 posse,
445 3890 480 3941 ut
509 3877 677 3952 mandans,
704 3877 768 3960 jam
787 3884 883 3936 ’antea
908 3874 984 3934 alias
1010 3875 1135 3956 nuptias

158 3975 367 4057 contraxerim
390 3975 486 4039 habet
501 3976 598 4058 igitur
623 3973 709 4059 qnod
731 3973 791 4034 sibi
816 3974 965 4055 imputet,
983 3971 1139 4052 «maxime,

52 4129 56 4134 .
157 4091 232 4136 cum
243 4093 335 4136 casus
349 4072 472 4156 legibus
487 4073 631 4140 civilibus
645 4070 860 4155 sit'praerisus,
876 4067 1138 4136 Praeterea‘cffe'c·
