2596 4724
559 345 588 438 4(
613 347 661 438 48
686 345 702 441 )

159 478 368 579 codemque
396 502 478 576 lure
509 490 631 549 utatur
662 501 705 550 ac
733 476 897 550 maritus.
931 477 1010 548 Art.
1045 478 1067 550 5
1098 492 1159 552 ct·

159 594 331 690 Respous.
351 591 401 663 ad
414 588 545 666 observ.
565 589 603 663 t.
619 605 687 666 art.

206 722 321 822 Sylvae
342 719 496 808 caeduae,
518 735 554 792 ct
573 719 825 819 quodcunque
848 722 1020 821 provenit
1039 748 1060 794 e
1078 721 1133 794 la-

157 837 343 936 picidinis,
358 834 496 906 metalli
521 849 582 905 aut
605 835 784 932 cespitum
804 832 941 908 fodinis
965 840 1134 935 (recude-

156 952 264 1049 rt‘jeu)
293 947 547 1020 communioni
571 946 685 1034 cedit,
706 963 886 1047 quatenus
907 951 1135 1024 considerari

156 1079 278 1164 potest
298 1061 472 1135 infructu
492 1060 798 1156 esse,',srcundum
811 1062 966 1164 regulas,
987 1093 1070 1166 quae
1089 1069 1134 1141 cle

157 1177 358 1272 usufructu
377 1188 593 1249 statuentur.
621 1176 656 1247 Si
676 1189 798 1248 autem
812 1175 928 1277 ligna,
956 1203 1040 1278 quae
1060 1178 1135 1252 du-

156 1308 262 1365 rante
292 1293 557 1364 communione
578 1289 669 1364 caedi
689 1290 911 1390 potuissent,
943 1318 1021 1364 uon
1041 1319 1135 1367 caesa

157 1407 243 1495 sint,
259 1406 441 1480 indemnis
465 1403 534 1479 hac
550 1403 597 1475 de
614 1431 655 1477 re
672 1413 727 1478 est
738 1404 965 1505 praestandus
980 1406 1133 1507 conjux,

158 1519 217 1590 cui
236 1516 371 1595 fundus
393 1542 470 1612 non
498 1517 676 1615 pertinet,
704 1514 827 1615 ejusve
843 1515 1009 1592 heredes.
1029 1521 1135 1594 Ratio

158 1647 225 1717 est,
252 1629 354 1728 qnod
383 1630 532 1699 maritus
561 1628 623 1727 qui
652 1629 749 1702 solus
777 1629 1019 1724 administrat,
1044 1634 1134 1711 dolo

157 1729 255 1816 malo
294 1743 392 1842 ligna
428 1740 571 1814 caedere
602 1742 788 1843 negligere
824 1758 968 1845 posset,
997 1762 1038 1820 ut
1064 1752 1132 1840 ita,

130 1956 133 1962 Ι
156 1856 331 1967 dissoluta
346 1855 631 1942 communione,
647 1856 716 1928 sibi
732 1857 800 1930 soli
820 1857 1037 1950 obveniant,
1050 1888 1135 1962 qnae

158 1969 411 2048 communioni
431 1968 566 2042 cedere
585 1968 807 2045 debuissent.

181 2104 262 2176 ·De
294 2098 520 2196 lapicidinis,
552 2098 690 2170 metalli
716 2127 759 2174 ac
789 2104 969 2203 cespitum
998 2106 1136 2185 fodinis

157 2215 275 2286 adhuc
295 2209 570 2294 observandum
590 2225 661 2300 est,
683 2239 811 2286 earum
829 2213 989 2306 fructus,
1008 2223 1036 2293 si
1055 2225 1136 2323 qui·

157 2328 243 2402 dem
262 2342 377 2400 stante
402 2327 638 2401 matrimonio
666 2328 845 2403 inclroatae
868 2349 965 2424 sunt,
991 2362 1068 2410 non
1096 2341 1135 2431 in

158 2442 463 2520 communionem
487 2442 630 2529 venire,
661 2444 728 2517 nisi
748 2446 817 2519 sub
843 2449 1073 2545 conditione,
1096 2471 1135 2529 ut

157 2558 341 2631 indemnis
360 2567 553 2655 praestetur
576 2554 728 2657 conjux,
750 2561 826 2660 qui.
842 2561 928 2636 inde
956 2566 1133 2644 damnum

158 2698 282 2775 passus
299 2673 354 2744 sit.
377 2670 433 2741 Ex
455 2670 671 2746 inchoandis
686 2675 787 2747 enim
806 2675 1030 2775 lapicidinis,
1049 2711 1134 2757 me-

134 2788 232 2860 'talli
261 2786 398 2859 fodinis
431 2801 466 2857 et
498 2788 691 2876 similibus,
720 2793 844 2891 magni
875 2790 954 2868 fere
987 2822 1134 2898 semper

159 2914 297 2974 sumtus
313 2900 500 2983 oriuntur,
515 2896 675 2998 ideoque
688 2925 836 2999 aequum
849 2920 920 2991 est,
936 2906 1135 3009 conjugem

159 3018 221 3116 qui
238 3029 378 3118 partem
397 3012 433 3083 in
448 3009 637 3086 usufructu
651 3012 784 3105 habet,
802 3020 912 3091 etiam
923 3025 1135 3121 portionem

159 3133 197 3203 in
228 3129 407 3209 sumtibus
440 3126 550 3203 ferre.
584 3132 663 3204 th.
691 3133 814 3207 Aret
844 3140 1064 3238 etRespons.
1085 3147 1136 3218 ad

159 3242 326 3315 observat.
347 3239 384 3311 h.
404 3255 473 3315 art.

555 3399 673 3452 sncrto
685 3405 735 3452 111.

374 3628 376 3633 ᾗ
434 3551 482 3614 De
497 3552 607 3616 debitis
620 3561 847 3624 conmunionis.

147 3722 150 3727 ’
208 3709 355 3791 Debita,
379 3735 463 3807 quae
493 3709 529 3779 in
560 3715 864 3789 communionem
886 3722 1036 3798 veniunt
1048 3747 1133 3806 sunt

159 3827 347 3924 sequeutia
367 3849 375 3894 :

215 3955 258 4011 1⁰.
267 3937 527 4012 Omniadebita
538 3941 739 4037 mobilr'u,(i.
753 3944 785 4018 e.
798 3949 1133 4059 ea,quibusaliquis

162 4051 208 4122 ad
222 4077 303 4124 rem
313 4051 489 4126 mobilem
503 4056 747 4154 praestaudam
760 4058 1034 4172 adstringitur),
1046 4076 1136 4174 qui-
