<?xml version="1.0" encoding="UTF-8"?>
<!DOCTYPE html PUBLIC "-//W3C//DTD XHTML 1.0 Transitional//EN"
    "http://www.w3.org/TR/xhtml1/DTD/xhtml1-transitional.dtd">
<html xmlns="http://www.w3.org/1999/xhtml" xml:lang="en" lang="en">
 <head>
  <title>
</title>
<meta http-equiv="Content-Type" content="text/html;charset=utf-8" />
  <meta name='ocr-system' content='tesseract 3.04.00' />
  <meta name='ocr-capabilities' content='ocr_page ocr_carea ocr_par ocr_line ocrx_word'/>
</head>
<body>
  <div class='ocr_page' id='page_1' title='image "./dematrimoniosec00assegoog_0102.png"; bbox 0 0 2596 4724; ppageno 0'>
   <div class='ocr_carea' id='block_1_1' title="bbox 98 370 1227 4113">
    <p class='ocr_par' dir='ltr' id='par_1_1' title="bbox 575 370 703 469">
     <span class='ocr_line' id='line_1_1' title="bbox 575 370 703 469; baseline -0.016 -4"><span class='ocrx_word' id='word_1_1' title='bbox 575 370 703 469; x_wconf 81' lang='lat'><strong>(75)</strong></span> 
     </span>
    </p>

    <p class='ocr_par' dir='ltr' id='par_1_2' title="bbox 167 489 1146 936">
     <span class='ocr_line' id='line_1_2' title="bbox 173 489 1143 598; baseline 0.004 -36"><span class='ocrx_word' id='word_1_2' title='bbox 173 489 260 565; x_wconf 91' lang='lat' dir='ltr'><strong>dum</strong></span> <span class='ocrx_word' id='word_1_3' title='bbox 272 493 559 568; x_wconf 73' lang='lat' dir='ltr'><strong>institutionibus</strong></span> <span class='ocrx_word' id='word_1_4' title='bbox 573 495 693 568; x_wconf 81' lang='lat' dir='ltr'><strong>afferri</strong></span> <span class='ocrx_word' id='word_1_5' title='bbox 706 513 868 597; x_wconf 87' lang='lat' dir='ltr'><strong>possunt,</strong></span> <span class='ocrx_word' id='word_1_6' title='bbox 880 521 1037 598; x_wconf 84' lang='lat' dir='ltr'><strong>quaeque</strong></span> <span class='ocrx_word' id='word_1_7' title='bbox 1047 493 1143 594; x_wconf 90' lang='lat' dir='ltr'><strong>apud</strong></span> 
     </span>
     <span class='ocr_line' id='line_1_3' title="bbox 168 603 1142 708; baseline 0.006 -34"><span class='ocrx_word' id='word_1_8' title='bbox 168 603 395 704; x_wconf 80' lang='lat' dir='ltr'><strong>legislatores</strong></span> <span class='ocrx_word' id='word_1_9' title='bbox 415 627 561 685; x_wconf 88' lang='lat' dir='ltr'><strong>nostros</strong></span> <span class='ocrx_word' id='word_1_10' title='bbox 588 611 818 708; x_wconf 85' lang='lat' dir='ltr'><strong>praevaluisse</strong></span> <span class='ocrx_word' id='word_1_11' title='bbox 844 611 1034 697; x_wconf 88' lang='lat' dir='ltr'><strong>videntur,</strong></span> <span class='ocrx_word' id='word_1_12' title='bbox 1064 609 1142 680; x_wconf 89' lang='lat' dir='ltr'><strong>haec</strong></span> 
     </span>
     <span class='ocr_line' id='line_1_4' title="bbox 168 713 1145 821; baseline 0.005 -37"><span class='ocrx_word' id='word_1_13' title='bbox 168 713 248 788; x_wconf 83' lang='lat' dir='ltr'><strong>fere</strong></span> <span class='ocrx_word' id='word_1_14' title='bbox 264 735 348 791; x_wconf 87' lang='lat' dir='ltr'><strong>sunt</strong></span> <span class='ocrx_word' id='word_1_15' title='bbox 372 723 568 811; x_wconf 84' lang='lat' dir='ltr'><strong>:Quamvis</strong></span> <span class='ocrx_word' id='word_1_16' title='bbox 589 724 625 793; x_wconf 95' lang='lat' dir='ltr'><strong>in</strong></span> <span class='ocrx_word' id='word_1_17' title='bbox 643 724 811 794; x_wconf 90' lang='lat' dir='ltr'><strong>omnium</strong></span> <span class='ocrx_word' id='word_1_18' title='bbox 826 722 905 794; x_wconf 86' lang='lat' dir='ltr'><strong>sere</strong></span> <span class='ocrx_word' id='word_1_19' title='bbox 922 720 1145 821; x_wconf 89' lang='lat' dir='ltr'><strong>populorum</strong></span> 
     </span>
     <span class='ocr_line' id='line_1_5' title="bbox 167 827 1146 936; baseline 0.005 -37"><span class='ocrx_word' id='word_1_20' title='bbox 167 827 311 927; x_wconf 83' lang='lat' dir='ltr'><strong>legibus</strong></span> <span class='ocrx_word' id='word_1_21' title='bbox 339 832 552 934; x_wconf 85' lang='lat' dir='ltr'><strong>adoptatum</strong></span> <span class='ocrx_word' id='word_1_22' title='bbox 574 837 618 909; x_wconf 90' lang='lat' dir='ltr'><strong>sit</strong></span> <span class='ocrx_word' id='word_1_23' title='bbox 635 835 726 936; x_wconf 87' lang='lat' dir='ltr'><strong>juris</strong></span> <span class='ocrx_word' id='word_1_24' title='bbox 747 835 986 936; x_wconf 92' lang='lat' dir='ltr'><strong>principium,</strong></span> <span class='ocrx_word' id='word_1_25' title='bbox 1007 860 1146 906; x_wconf 89' lang='lat' dir='ltr'><strong>unum-</strong></span> 
     </span>
    </p>

    <p class='ocr_par' dir='ltr' id='par_1_3' title="bbox 98 946 1227 4113">
     <span class='ocr_line' id='line_1_6' title="bbox 134 946 1145 1043; baseline 0.003 -30"><span class='ocrx_word' id='word_1_26' title='bbox 134 957 138 965; x_wconf 84' lang='grc'><em>“</em></span> <span class='ocrx_word' id='word_1_27' title='bbox 167 968 354 1043; x_wconf 85' lang='lat' dir='ltr'><strong>quemque</strong></span> <span class='ocrx_word' id='word_1_28' title='bbox 373 946 584 1022; x_wconf 82' lang='lat' dir='ltr'><strong>facultatem</strong></span> <span class='ocrx_word' id='word_1_29' title='bbox 604 949 742 1023; x_wconf 88' lang='lat' dir='ltr'><strong>debere</strong></span> <span class='ocrx_word' id='word_1_30' title='bbox 762 975 995 1034; x_wconf 88' lang='lat' dir='ltr'><strong>conservare,</strong></span> <span class='ocrx_word' id='word_1_31' title='bbox 1017 947 1145 1020; x_wconf 87' lang='lat' dir='ltr'><strong>volun·</strong></span> 
     </span>
     <span class='ocr_line' id='line_1_7' title="bbox 98 1062 1141 1164; baseline 0.008 -38"><span class='ocrx_word' id='word_1_32' title='bbox 98 1065 100 1071; x_wconf 85' lang='lat'>&#39;</span> <span class='ocrx_word' id='word_1_33' title='bbox 165 1070 278 1130; x_wconf 85' lang='lat' dir='ltr'><strong>tatem</strong></span> <span class='ocrx_word' id='word_1_34' title='bbox 296 1085 415 1152; x_wconf 88' lang='lat' dir='ltr'><strong>suam,</strong></span> <span class='ocrx_word' id='word_1_35' title='bbox 446 1090 562 1164; x_wconf 84' lang='lat' dir='ltr'><strong>usque</strong></span> <span class='ocrx_word' id='word_1_36' title='bbox 588 1063 635 1135; x_wconf 90' lang='lat' dir='ltr'><strong>ad</strong></span> <span class='ocrx_word' id='word_1_37' title='bbox 662 1080 868 1138; x_wconf 68' lang='lat' dir='ltr'><strong>extremum</strong></span> <span class='ocrx_word' id='word_1_38' title='bbox 892 1065 973 1135; x_wconf 83' lang='lat' dir='ltr'><strong>vitae</strong></span> <span class='ocrx_word' id='word_1_39' title='bbox 989 1062 1141 1135; x_wconf 87' lang='lat' dir='ltr'><strong>halitum</strong></span> 
     </span>
     <span class='ocr_line' id='line_1_8' title="bbox 164 1173 1143 1278; baseline 0.003 -36"><span class='ocrx_word' id='word_1_40' title='bbox 164 1173 355 1266; x_wconf 87' lang='lat' dir='ltr'><strong>mutandi,</strong></span> <span class='ocrx_word' id='word_1_41' title='bbox 400 1178 509 1275; x_wconf 84' lang='lat' dir='ltr'><strong>hujus</strong></span> <span class='ocrx_word' id='word_1_42' title='bbox 543 1194 668 1252; x_wconf 90' lang='lat' dir='ltr'><strong>tamen</strong></span> <span class='ocrx_word' id='word_1_43' title='bbox 700 1178 847 1278; x_wconf 81' lang='lat' dir='ltr'><strong>regulae</strong></span> <span class='ocrx_word' id='word_1_44' title='bbox 879 1177 918 1248; x_wconf 91' lang='lat' dir='ltr'><strong>in</strong></span> <span class='ocrx_word' id='word_1_45' title='bbox 955 1175 1143 1277; x_wconf 83' lang='lat' dir='ltr'><strong>plerisque</strong></span> 
     </span>
     <span class='ocr_line' id='line_1_9' title="bbox 162 1287 1141 1389; baseline 0.006 -36"><span class='ocrx_word' id='word_1_46' title='bbox 162 1288 376 1383; x_wconf 82' lang='lat' dir='ltr'><strong>regionibus</strong></span> <span class='ocrx_word' id='word_1_47' title='bbox 394 1290 573 1389; x_wconf 83' lang='lat' dir='ltr'><strong>Europae,</strong></span> <span class='ocrx_word' id='word_1_48' title='bbox 601 1306 708 1389; x_wconf 86' lang='lat' dir='ltr'><strong>atque</strong></span> <span class='ocrx_word' id='word_1_49' title='bbox 732 1293 842 1362; x_wconf 86' lang='lat' dir='ltr'><strong>etiam</strong></span> <span class='ocrx_word' id='word_1_50' title='bbox 857 1291 894 1360; x_wconf 90' lang='lat' dir='ltr'><strong>in</strong></span> <span class='ocrx_word' id='word_1_51' title='bbox 921 1287 1141 1387; x_wconf 86' lang='lat' dir='ltr'><strong>quibusdam</strong></span> 
     </span>
     <span class='ocr_line' id='line_1_10' title="bbox 161 1397 1140 1502; baseline 0.005 -36"><span class='ocrx_word' id='word_1_52' title='bbox 161 1397 362 1495; x_wconf 89' lang='lat' dir='ltr'><strong>provinciis</strong></span> <span class='ocrx_word' id='word_1_53' title='bbox 377 1400 618 1489; x_wconf 86' lang='lat' dir='ltr'><strong>Hollandicis,</strong></span> <span class='ocrx_word' id='word_1_54' title='bbox 633 1402 886 1502; x_wconf 85' lang='lat' dir='ltr'><strong>exceptionem</strong></span> <span class='ocrx_word' id='word_1_55' title='bbox 898 1399 1020 1471; x_wconf 87' lang='lat' dir='ltr'><strong>datam</strong></span> <span class='ocrx_word' id='word_1_56' title='bbox 1031 1397 1140 1471; x_wconf 87' lang='lat' dir='ltr'><strong>fuisse</strong></span> 
     </span>
     <span class='ocr_line' id='line_1_11' title="bbox 161 1511 1141 1617; baseline 0.004 -39"><span class='ocrx_word' id='word_1_57' title='bbox 161 1511 305 1585; x_wconf 86' lang='lat' dir='ltr'><strong>ratione</strong></span> <span class='ocrx_word' id='word_1_58' title='bbox 331 1513 476 1588; x_wconf 85' lang='lat' dir='ltr'><strong>heredis</strong></span> <span class='ocrx_word' id='word_1_59' title='bbox 495 1515 764 1589; x_wconf 85' lang='lat' dir='ltr'><strong>institutionum</strong></span> <span class='ocrx_word' id='word_1_60' title='bbox 780 1514 895 1617; x_wconf 85' lang='lat' dir='ltr'><strong>pactis</strong></span> <span class='ocrx_word' id='word_1_61' title='bbox 917 1511 1141 1614; x_wconf 82' lang='lat' dir='ltr'><strong>nuptialibus</strong></span> 
     </span>
     <span class='ocr_line' id='line_1_12' title="bbox 115 1623 1141 1730; baseline 0.004 -37"><span class='ocrx_word' id='word_1_62' title='bbox 115 1713 119 1719; x_wconf 88' lang='lat'>.</span> <span class='ocrx_word' id='word_1_63' title='bbox 162 1623 453 1714; x_wconf 76' lang='lat' dir='ltr'><strong>contractarum,</strong></span> <span class='ocrx_word' id='word_1_64' title='bbox 491 1655 573 1727; x_wconf 87' lang='lat' dir='ltr'><strong>quae</strong></span> <span class='ocrx_word' id='word_1_65' title='bbox 608 1655 717 1730; x_wconf 86' lang='lat' dir='ltr'><strong>saepe</strong></span> <span class='ocrx_word' id='word_1_66' title='bbox 749 1627 974 1703; x_wconf 88' lang='lat' dir='ltr'><strong>considerari</strong></span> <span class='ocrx_word' id='word_1_67' title='bbox 1004 1625 1141 1699; x_wconf 86' lang='lat' dir='ltr'><strong>dehent</strong></span> 
     </span>
     <span class='ocr_line' id='line_1_13' title="bbox 162 1739 1141 1834; baseline 0.007 -29"><span class='ocrx_word' id='word_1_68' title='bbox 162 1749 340 1834; x_wconf 83' lang='lat' dir='ltr'><strong>tanquam</strong></span> <span class='ocrx_word' id='word_1_69' title='bbox 357 1739 642 1812; x_wconf 83' lang='lat' dir='ltr'><strong>fundamentum</strong></span> <span class='ocrx_word' id='word_1_70' title='bbox 658 1742 862 1814; x_wconf 87' lang='lat' dir='ltr'><strong>multorum</strong></span> <span class='ocrx_word' id='word_1_71' title='bbox 878 1741 1141 1813; x_wconf 84' lang='lat' dir='ltr'><strong>matrimonio-</strong></span> 
     </span>
     <span class='ocr_line' id='line_1_14' title="bbox 162 1851 1140 1976; baseline 0.004 -58"><span class='ocrx_word' id='word_1_72' title='bbox 162 1874 274 1935; x_wconf 88' lang='lat' dir='ltr'><strong>rum,</strong></span> <span class='ocrx_word' id='word_1_73' title='bbox 305 1876 387 1949; x_wconf 90' lang='lat' dir='ltr'><strong>quae</strong></span> <span class='ocrx_word' id='word_1_74' title='bbox 418 1852 498 1924; x_wconf 89' lang='lat' dir='ltr'><strong>sine</strong></span> <span class='ocrx_word' id='word_1_75' title='bbox 523 1851 703 1976; x_wconf 82' lang='lat' dir='ltr'><strong>ejusmodi</strong></span> <span class='ocrx_word' id='word_1_76' title='bbox 728 1851 1036 1925; x_wconf 85' lang='lat' dir='ltr'><strong>conventionibus</strong></span> <span class='ocrx_word' id='word_1_77' title='bbox 1062 1879 1140 1922; x_wconf 93' lang='lat' dir='ltr'><strong>non</strong></span> 
     </span>
     <span class='ocr_line' id='line_1_15' title="bbox 162 1959 1141 2065; baseline 0.003 -35"><span class='ocrx_word' id='word_1_78' title='bbox 162 1959 253 2031; x_wconf 88' lang='lat' dir='ltr'><strong>inita</strong></span> <span class='ocrx_word' id='word_1_79' title='bbox 271 1959 438 2054; x_wconf 82' lang='lat' dir='ltr'><strong>fuissent3</strong></span> <span class='ocrx_word' id='word_1_80' title='bbox 460 1963 558 2035; x_wconf 89' lang='lat' dir='ltr'><strong>unde</strong></span> <span class='ocrx_word' id='word_1_81' title='bbox 581 1962 738 2034; x_wconf 86' lang='lat' dir='ltr'><strong>maxima</strong></span> <span class='ocrx_word' id='word_1_82' title='bbox 753 1961 993 2065; x_wconf 83' lang='lat' dir='ltr'><strong>incommoda</strong></span> <span class='ocrx_word' id='word_1_83' title='bbox 1011 1986 1141 2034; x_wconf 85' lang='lat' dir='ltr'><strong>nasce-</strong></span> 
     </span>
     <span class='ocr_line' id='line_1_16' title="bbox 161 2076 1140 2179; baseline -0.001 -32"><span class='ocrx_word' id='word_1_84' title='bbox 161 2091 292 2148; x_wconf 83' lang='lat' dir='ltr'><strong>rentur</strong></span> <span class='ocrx_word' id='word_1_85' title='bbox 308 2078 433 2177; x_wconf 86' lang='lat' dir='ltr'><strong>,quia</strong></span> <span class='ocrx_word' id='word_1_86' title='bbox 451 2078 615 2152; x_wconf 86' lang='lat' dir='ltr'><strong>utilitatis</strong></span> <span class='ocrx_word' id='word_1_87' title='bbox 640 2076 797 2179; x_wconf 87' lang='lat' dir='ltr'><strong>publicae</strong></span> <span class='ocrx_word' id='word_1_88' title='bbox 825 2077 996 2166; x_wconf 87' lang='lat' dir='ltr'><strong>interest,</strong></span> <span class='ocrx_word' id='word_1_89' title='bbox 998 2102 1140 2175; x_wconf 90' lang='lat' dir='ltr'><strong>quam</strong></span> 
     </span>
     <span class='ocr_line' id='line_1_17' title="bbox 160 2189 1138 2288; baseline 0.003 -27"><span class='ocrx_word' id='word_1_90' title='bbox 160 2189 318 2288; x_wconf 77' lang='lat' dir='ltr'><strong>plurima</strong></span> <span class='ocrx_word' id='word_1_91' title='bbox 336 2194 569 2268; x_wconf 87' lang='lat' dir='ltr'><strong>matrimonia</strong></span> <span class='ocrx_word' id='word_1_92' title='bbox 594 2192 771 2268; x_wconf 80' lang='lat' dir='ltr'><strong>contrahi.</strong></span> <span class='ocrx_word' id='word_1_93' title='bbox 815 2195 933 2268; x_wconf 89' lang='lat' dir='ltr'><strong>Porro</strong></span> <span class='ocrx_word' id='word_1_94' title='bbox 954 2191 1044 2264; x_wconf 83' lang='lat' dir='ltr'><strong>tales</strong></span> <span class='ocrx_word' id='word_1_95' title='bbox 1069 2189 1138 2264; x_wconf 92' lang='lat' dir='ltr'><strong>do-</strong></span> 
     </span>
     <span class='ocr_line' id='line_1_18' title="bbox 162 2303 1136 2399; baseline 0.004 -28"><span class='ocrx_word' id='word_1_96' title='bbox 162 2303 329 2378; x_wconf 88' lang='lat' dir='ltr'><strong>nationes</strong></span> <span class='ocrx_word' id='word_1_97' title='bbox 341 2331 425 2377; x_wconf 90' lang='lat' dir='ltr'><strong>cum</strong></span> <span class='ocrx_word' id='word_1_98' title='bbox 445 2305 617 2376; x_wconf 87' lang='lat' dir='ltr'><strong>donatori</strong></span> <span class='ocrx_word' id='word_1_99' title='bbox 633 2304 820 2399; x_wconf 86' lang='lat' dir='ltr'><strong>prodesse,</strong></span> <span class='ocrx_word' id='word_1_100' title='bbox 832 2319 912 2374; x_wconf 85' lang='lat' dir='ltr'><strong>tum</strong></span> <span class='ocrx_word' id='word_1_101' title='bbox 927 2303 1136 2393; x_wconf 83' lang='lat' dir='ltr'><strong>donatario;</strong></span> 
     </span>
     <span class='ocr_line' id='line_1_19' title="bbox 164 2412 1139 2518; baseline 0.003 -35"><span class='ocrx_word' id='word_1_102' title='bbox 164 2413 352 2503; x_wconf 86' lang='lat' dir='ltr'><strong>donatori,</strong></span> <span class='ocrx_word' id='word_1_103' title='bbox 379 2415 465 2515; x_wconf 87' lang='lat' dir='ltr'><strong>quia</strong></span> <span class='ocrx_word' id='word_1_104' title='bbox 489 2440 528 2488; x_wconf 89' lang='lat' dir='ltr'><strong>se</strong></span> <span class='ocrx_word' id='word_1_105' title='bbox 553 2439 631 2486; x_wconf 91' lang='lat' dir='ltr'><strong>non</strong></span> <span class='ocrx_word' id='word_1_106' title='bbox 657 2412 766 2485; x_wconf 87' lang='lat' dir='ltr'><strong>honis</strong></span> <span class='ocrx_word' id='word_1_107' title='bbox 786 2413 867 2518; x_wconf 12' lang='lat' dir='ltr'><strong>*suis</strong></span> <span class='ocrx_word' id='word_1_108' title='bbox 888 2412 1028 2513; x_wconf 87' lang='lat' dir='ltr'><strong>privat,</strong></span> <span class='ocrx_word' id='word_1_109' title='bbox 1049 2414 1139 2486; x_wconf 90' lang='lat' dir='ltr'><strong>dum</strong></span> 
     </span>
     <span class='ocr_line' id='line_1_20' title="bbox 162 2525 1137 2629; baseline 0.001 -31"><span class='ocrx_word' id='word_1_110' title='bbox 162 2527 265 2616; x_wconf 88' lang='lat' dir='ltr'><strong>vivit;</strong></span> <span class='ocrx_word' id='word_1_111' title='bbox 284 2527 497 2618; x_wconf 78' lang='lat' dir='ltr'><strong>donataiio,</strong></span> <span class='ocrx_word' id='word_1_112' title='bbox 522 2529 700 2629; x_wconf 84' lang='lat' dir='ltr'><strong>quoniam</strong></span> <span class='ocrx_word' id='word_1_113' title='bbox 720 2555 824 2628; x_wconf 90' lang='lat' dir='ltr'><strong>spem</strong></span> <span class='ocrx_word' id='word_1_114' title='bbox 839 2542 977 2600; x_wconf 81' lang='lat' dir='ltr'><strong>certam</strong></span> <span class='ocrx_word' id='word_1_115' title='bbox 1010 2525 1137 2599; x_wconf 80' lang='lat' dir='ltr'><strong>fovete</strong></span> 
     </span>
     <span class='ocr_line' id='line_1_21' title="bbox 160 2641 1138 2750; baseline 0 -36"><span class='ocrx_word' id='word_1_116' title='bbox 160 2657 301 2741; x_wconf 89' lang='lat' dir='ltr'><strong>potest,</strong></span> <span class='ocrx_word' id='word_1_117' title='bbox 328 2642 467 2717; x_wconf 84' lang='lat' dir='ltr'><strong>forent</strong></span> <span class='ocrx_word' id='word_1_118' title='bbox 477 2660 576 2750; x_wconf 90' lang='lat' dir='ltr'><strong>post</strong></span> <span class='ocrx_word' id='word_1_119' title='bbox 606 2644 794 2717; x_wconf 90' lang='lat' dir='ltr'><strong>donatoris</strong></span> <span class='ocrx_word' id='word_1_120' title='bbox 826 2657 986 2716; x_wconf 86' lang='lat' dir='ltr'><strong>mortem</strong></span> <span class='ocrx_word' id='word_1_121' title='bbox 1003 2643 1040 2713; x_wconf 91' lang='lat' dir='ltr'><strong>in</strong></span> <span class='ocrx_word' id='word_1_122' title='bbox 1061 2641 1138 2739; x_wconf 87' lang='lat' dir='ltr'><strong>ejus</strong></span> 
     </span>
     <span class='ocr_line' id='line_1_22' title="bbox 158 2753 1136 2858; baseline 0.004 -34"><span class='ocrx_word' id='word_1_123' title='bbox 158 2753 260 2826; x_wconf 88' lang='lat' dir='ltr'><strong>hona</strong></span> <span class='ocrx_word' id='word_1_124' title='bbox 279 2756 473 2829; x_wconf 90' lang='lat' dir='ltr'><strong>succedat·</strong></span> <span class='ocrx_word' id='word_1_125' title='bbox 465 2756 600 2858; x_wconf 84' lang='lat' dir='ltr'><strong>,quod</strong></span> <span class='ocrx_word' id='word_1_126' title='bbox 626 2771 747 2828; x_wconf 84' lang='lat' dir='ltr'><strong>autem</strong></span> <span class='ocrx_word' id='word_1_127' title='bbox 769 2754 878 2857; x_wconf 79' lang='lat' dir='ltr'><strong>suprai</strong></span> <span class='ocrx_word' id='word_1_128' title='bbox 902 2753 1041 2828; x_wconf 86' lang='lat' dir='ltr'><strong>dictum</strong></span> <span class='ocrx_word' id='word_1_129' title='bbox 1066 2771 1136 2843; x_wconf 79' lang='lat' dir='ltr'><strong>est,</strong></span> 
     </span>
     <span class='ocr_line' id='line_1_23' title="bbox 159 2866 1227 2968; baseline 0.003 -27"><span class='ocrx_word' id='word_1_130' title='bbox 159 2866 338 2968; x_wconf 85' lang='lat' dir='ltr'><strong>ejusmodi</strong></span> <span class='ocrx_word' id='word_1_131' title='bbox 355 2870 563 2945; x_wconf 89' lang='lat' dir='ltr'><strong>heredum</strong></span> <span class='ocrx_word' id='word_1_132' title='bbox 556 2872 828 2945; x_wconf 83' lang='lat' dir='ltr'><strong>tnstitutionum</strong></span> <span class='ocrx_word' id='word_1_133' title='bbox 844 2869 1015 2943; x_wconf 83' lang='lat' dir='ltr'><strong>ellectum</strong></span> <span class='ocrx_word' id='word_1_134' title='bbox 1034 2868 1135 2959; x_wconf 77' lang='lat' dir='ltr'><strong>fore,</strong></span> <span class='ocrx_word' id='word_1_135' title='bbox 1224 2932 1227 2936; x_wconf 14' lang='lat' dir='ltr'><strong>a</strong></span> 
     </span>
     <span class='ocr_line' id='line_1_24' title="bbox 157 2970 1136 3070; baseline 0 -16"><span class='ocrx_word' id='word_1_136' title='bbox 157 2997 197 3054; x_wconf 91' lang='lat' dir='ltr'><strong>ut</strong></span> <span class='ocrx_word' id='word_1_137' title='bbox 229 2982 409 3058; x_wconf 87' lang='lat' dir='ltr'><strong>hereditas</strong></span> <span class='ocrx_word' id='word_1_138' title='bbox 442 2984 595 3058; x_wconf 87' lang='lat' dir='ltr'><strong>viventis</strong></span> <span class='ocrx_word' id='word_1_139' title='bbox 620 2970 821 3068; x_wconf 82' lang='lat' dir='ltr'><strong>vendatur,</strong></span> <span class='ocrx_word' id='word_1_140' title='bbox 850 2996 913 3070; x_wconf 69' lang='lat' dir='ltr'><strong>atti</strong></span> <span class='ocrx_word' id='word_1_141' title='bbox 940 2981 985 3052; x_wconf 86' lang='lat' dir='ltr'><strong>ad</strong></span> <span class='ocrx_word' id='word_1_142' title='bbox 1009 2983 1136 3055; x_wconf 86' lang='lat' dir='ltr'><strong>tertios</strong></span> 
     </span>
     <span class='ocr_line' id='line_1_25' title="bbox 117 3091 1138 3190; baseline -0.003 -23"><span class='ocrx_word' id='word_1_143' title='bbox 117 3134 120 3139; x_wconf 93' lang='lat'><em>·</em></span> <span class='ocrx_word' id='word_1_144' title='bbox 155 3096 414 3187; x_wconf 85' lang='lat' dir='ltr'><strong>transferatur,</strong></span> <span class='ocrx_word' id='word_1_145' title='bbox 445 3098 515 3172; x_wconf 91' lang='lat' dir='ltr'><strong>hoc</strong></span> <span class='ocrx_word' id='word_1_146' title='bbox 546 3099 604 3168; x_wconf 84' lang='lat' dir='ltr'><strong>vix</strong></span> <span class='ocrx_word' id='word_1_147' title='bbox 640 3109 676 3166; x_wconf 88' lang='lat' dir='ltr'><strong>et</strong></span> <span class='ocrx_word' id='word_1_148' title='bbox 697 3119 746 3165; x_wconf 91' lang='lat' dir='ltr'><strong>ne</strong></span> <span class='ocrx_word' id='word_1_149' title='bbox 762 3093 821 3164; x_wconf 86' lang='lat' dir='ltr'><strong>vix</strong></span> <span class='ocrx_word' id='word_1_150' title='bbox 839 3091 992 3190; x_wconf 88' lang='lat' dir='ltr'><strong>quidem</strong></span> <span class='ocrx_word' id='word_1_151' title='bbox 1011 3092 1138 3165; x_wconf 89' lang='lat' dir='ltr'><strong>locum</strong></span> 
     </span>
     <span class='ocr_line' id='line_1_26' title="bbox 155 3205 1136 3309; baseline -0.005 -28"><span class='ocrx_word' id='word_1_152' title='bbox 155 3236 263 3309; x_wconf 91' lang='lat' dir='ltr'><strong>posse</strong></span> <span class='ocrx_word' id='word_1_153' title='bbox 288 3211 442 3299; x_wconf 86' lang='lat' dir='ltr'><strong>habere,</strong></span> <span class='ocrx_word' id='word_1_154' title='bbox 480 3237 566 3285; x_wconf 91' lang='lat' dir='ltr'><strong>cum</strong></span> <span class='ocrx_word' id='word_1_155' title='bbox 600 3207 757 3281; x_wconf 87' lang='lat' dir='ltr'><strong>donator</strong></span> <span class='ocrx_word' id='word_1_156' title='bbox 789 3229 867 3277; x_wconf 91' lang='lat' dir='ltr'><strong>non</strong></span> <span class='ocrx_word' id='word_1_157' title='bbox 895 3205 1059 3305; x_wconf 85' lang='lat' dir='ltr'><strong>privatur</strong></span> <span class='ocrx_word' id='word_1_158' title='bbox 1076 3205 1136 3278; x_wconf 81' lang='lat' dir='ltr'><strong>fa·</strong></span> 
     </span>
     <span class='ocr_line' id='line_1_27' title="bbox 156 3319 1133 3422; baseline -0.005 -28"><span class='ocrx_word' id='word_1_159' title='bbox 156 3322 309 3413; x_wconf 84' lang='lat' dir='ltr'><strong>cultate,</strong></span> <span class='ocrx_word' id='word_1_160' title='bbox 343 3325 444 3399; x_wconf 89' lang='lat' dir='ltr'><strong>hona</strong></span> <span class='ocrx_word' id='word_1_161' title='bbox 471 3350 552 3422; x_wconf 86' lang='lat' dir='ltr'><strong>quae</strong></span> <span class='ocrx_word' id='word_1_162' title='bbox 582 3324 620 3394; x_wconf 90' lang='lat' dir='ltr'><strong>in</strong></span> <span class='ocrx_word' id='word_1_163' title='bbox 654 3319 854 3393; x_wconf 88' lang='lat' dir='ltr'><strong>donatione</strong></span> <span class='ocrx_word' id='word_1_164' title='bbox 883 3320 1133 3418; x_wconf 84' lang='lat' dir='ltr'><strong>comprehun-</strong></span> 
     </span>
     <span class='ocr_line' id='line_1_28' title="bbox 156 3432 1140 3536; baseline -0.003 -27"><span class='ocrx_word' id='word_1_165' title='bbox 156 3437 315 3526; x_wconf 90' lang='lat' dir='ltr'><strong>duntur,</strong></span> <span class='ocrx_word' id='word_1_166' title='bbox 346 3436 557 3525; x_wconf 78' lang='lat' dir='ltr'><strong>vendendi,</strong></span> <span class='ocrx_word' id='word_1_167' title='bbox 584 3435 799 3536; x_wconf 84' lang='lat' dir='ltr'><strong>hypothecae</strong></span> <span class='ocrx_word' id='word_1_168' title='bbox 831 3432 1045 3532; x_wconf 83' lang='lat' dir='ltr'><strong>obligandi,</strong></span> <span class='ocrx_word' id='word_1_169' title='bbox 1073 3449 1140 3506; x_wconf 88' lang='lat' dir='ltr'><strong>aut.</strong></span> 
     </span>
     <span class='ocr_line' id='line_1_29' title="bbox 156 3547 1137 3646; baseline -0.006 -22"><span class='ocrx_word' id='word_1_170' title='bbox 156 3552 229 3625; x_wconf 87' lang='lat' dir='ltr'><strong>alio</strong></span> <span class='ocrx_word' id='word_1_171' title='bbox 248 3551 362 3626; x_wconf 91' lang='lat' dir='ltr'><strong>modo</strong></span> <span class='ocrx_word' id='word_1_172' title='bbox 380 3551 585 3641; x_wconf 87' lang='lat' dir='ltr'><strong>alienandi,</strong></span> <span class='ocrx_word' id='word_1_173' title='bbox 607 3547 812 3621; x_wconf 90' lang='lat' dir='ltr'><strong>dummodo</strong></span> <span class='ocrx_word' id='word_1_174' title='bbox 836 3575 914 3620; x_wconf 91' lang='lat' dir='ltr'><strong>non</strong></span> <span class='ocrx_word' id='word_1_175' title='bbox 929 3547 1034 3619; x_wconf 85' lang='lat' dir='ltr'><strong>titulo</strong></span> <span class='ocrx_word' id='word_1_176' title='bbox 1053 3573 1137 3646; x_wconf 85' lang='lat' dir='ltr'><strong>gra-</strong></span> 
     </span>
     <span class='ocr_line' id='line_1_30' title="bbox 155 3658 1137 3764; baseline -0.003 -30"><span class='ocrx_word' id='word_1_177' title='bbox 155 3665 248 3738; x_wconf 91' lang='lat' dir='ltr'><strong>tuito</strong></span> <span class='ocrx_word' id='word_1_178' title='bbox 264 3666 310 3739; x_wconf 88' lang='lat' dir='ltr'><strong>de</strong></span> <span class='ocrx_word' id='word_1_179' title='bbox 330 3666 372 3736; x_wconf 88' lang='lat' dir='ltr'><strong>iis</strong></span> <span class='ocrx_word' id='word_1_180' title='bbox 387 3663 567 3764; x_wconf 84' lang='lat' dir='ltr'><strong>disponat.</strong></span> <span class='ocrx_word' id='word_1_181' title='bbox 579 3664 751 3763; x_wconf 84' lang='lat' dir='ltr'><strong>Denique</strong></span> <span class='ocrx_word' id='word_1_182' title='bbox 769 3661 812 3733; x_wconf 84' lang='lat' dir='ltr'><strong>ad</strong></span> <span class='ocrx_word' id='word_1_183' title='bbox 834 3658 921 3730; x_wconf 90' lang='lat' dir='ltr'><strong>illud</strong></span> <span class='ocrx_word' id='word_1_184' title='bbox 940 3683 1137 3757; x_wconf 75' lang='lat' dir='ltr'><strong>argumen-</strong></span> 
     </span>
     <span class='ocr_line' id='line_1_31' title="bbox 156 3766 1138 3883; baseline -0.007 -33"><span class='ocrx_word' id='word_1_185' title='bbox 156 3766 247 3865; x_wconf 77' lang='lat' dir='ltr'><strong>tum,</strong></span> <span class='ocrx_word' id='word_1_186' title='bbox 263 3779 341 3853; x_wconf 88' lang='lat' dir='ltr'><strong>fieri</strong></span> <span class='ocrx_word' id='word_1_187' title='bbox 354 3806 479 3883; x_wconf 88' lang='lat' dir='ltr'><strong>posse,</strong></span> <span class='ocrx_word' id='word_1_188' title='bbox 500 3794 539 3852; x_wconf 92' lang='lat' dir='ltr'><strong>ut</strong></span> <span class='ocrx_word' id='word_1_189' title='bbox 557 3776 769 3850; x_wconf 85' lang='lat' dir='ltr'><strong>donatarius</strong></span> <span class='ocrx_word' id='word_1_190' title='bbox 783 3770 935 3872; x_wconf 73' lang='lat' dir='ltr'><strong>impune</strong></span> <span class='ocrx_word' id='word_1_191' title='bbox 951 3770 997 3843; x_wconf 91' lang='lat' dir='ltr'><strong>de</strong></span> <span class='ocrx_word' id='word_1_192' title='bbox 1015 3771 1138 3843; x_wconf 89' lang='lat' dir='ltr'><strong>dona·</strong></span> 
     </span>
     <span class='ocr_line' id='line_1_32' title="bbox 156 3885 1132 3992; baseline -0.003 -30"><span class='ocrx_word' id='word_1_193' title='bbox 156 3905 239 3964; x_wconf 89' lang='lat' dir='ltr'><strong>tore</strong></span> <span class='ocrx_word' id='word_1_194' title='bbox 255 3891 350 3963; x_wconf 73' lang='lat' dir='ltr'><strong>male</strong></span> <span class='ocrx_word' id='word_1_195' title='bbox 364 3906 572 3980; x_wconf 87' lang='lat' dir='ltr'><strong>mereatur,</strong></span> <span class='ocrx_word' id='word_1_196' title='bbox 588 3888 843 3992; x_wconf 84' lang='lat' dir='ltr'><strong>respondetur,</strong></span> <span class='ocrx_word' id='word_1_197' title='bbox 858 3885 928 3958; x_wconf 91' lang='lat' dir='ltr'><strong>hoc</strong></span> <span class='ocrx_word' id='word_1_198' title='bbox 947 3911 1025 3957; x_wconf 91' lang='lat' dir='ltr'><strong>non</strong></span> <span class='ocrx_word' id='word_1_199' title='bbox 1044 3886 1132 3959; x_wconf 87' lang='lat' dir='ltr'><strong>tanti</strong></span> 
     </span>
     <span class='ocr_line' id='line_1_33' title="bbox 160 3995 1166 4113; baseline -0.004 -36"><span class='ocrx_word' id='word_1_200' title='bbox 160 4027 238 4078; x_wconf 89' lang='lat' dir='ltr'><strong>esse</strong></span> <span class='ocrx_word' id='word_1_201' title='bbox 257 4007 456 4111; x_wconf 72' lang='lat' dir='ltr'><strong>momenti,</strong></span> <span class='ocrx_word' id='word_1_202' title='bbox 474 4019 515 4080; x_wconf 91' lang='lat' dir='ltr'><strong>ut</strong></span> <span class='ocrx_word' id='word_1_203' title='bbox 533 4019 731 4107; x_wconf 87' lang='lat' dir='ltr'><strong>propterea</strong></span> <span class='ocrx_word' id='word_1_204' title='bbox 744 4015 821 4073; x_wconf 85' lang='lat' dir='ltr'><strong>tam</strong></span> <span class='ocrx_word' id='word_1_205' title='bbox 839 3995 936 4070; x_wconf 89' lang='lat' dir='ltr'><strong>utilis</strong></span> <span class='ocrx_word' id='word_1_206' title='bbox 957 4011 992 4070; x_wconf 90' lang='lat' dir='ltr'><strong>et</strong></span> <span class='ocrx_word' id='word_1_207' title='bbox 1009 4021 1134 4073; x_wconf 87' lang='lat' dir='ltr'><strong>neces·</strong></span> <span class='ocrx_word' id='word_1_208' title='bbox 1162 4104 1166 4113; x_wconf 16' lang='grc' dir='ltr'><strong>Χ</strong></span> 
     </span>
    </p>
   </div>
   <div class='ocr_carea' id='block_1_2' title="bbox 0 0 1302 4724">
    <p class='ocr_par' dir='ltr' id='par_1_4' title="bbox 0 0 1302 4724">
     <span class='ocr_line' id='line_1_34' title="bbox 0 0 1302 4724; baseline 0 4"><span class='ocrx_word' id='word_1_209' title='bbox 0 0 1302 4724; x_wconf 95' lang='lat' dir='ltr'><strong> </strong></span> 
     </span>
    </p>
   </div>
  </div>
 </body>
</html>
