<?xml version="1.0" encoding="UTF-8"?>
<!DOCTYPE html PUBLIC "-//W3C//DTD XHTML 1.0 Transitional//EN"
    "http://www.w3.org/TR/xhtml1/DTD/xhtml1-transitional.dtd">
<html xmlns="http://www.w3.org/1999/xhtml" xml:lang="en" lang="en">
 <head>
  <title>
</title>
<meta http-equiv="Content-Type" content="text/html;charset=utf-8" />
  <meta name='ocr-system' content='tesseract 3.04.00' />
  <meta name='ocr-capabilities' content='ocr_page ocr_carea ocr_par ocr_line ocrx_word'/>
</head>
<body>
  <div class='ocr_page' id='page_1' title='image "./dematrimoniosec00assegoog_0033.png"; bbox 0 0 2596 4724; ppageno 0'>
   <div class='ocr_carea' id='block_1_1' title="bbox 173 454 1268 2347">
    <p class='ocr_par' dir='ltr' id='par_1_1' title="bbox 251 454 1268 2025">
     <span class='ocr_line' id='line_1_1' title="bbox 252 454 1217 566; baseline -0.008 -30"><span class='ocrx_word' id='word_1_1' title='bbox 252 464 374 566; x_wconf 86' lang='lat' dir='ltr'>judice</span> <span class='ocrx_word' id='word_1_2' title='bbox 393 465 566 540; x_wconf 82' lang='lat' dir='ltr'>inferiore</span> <span class='ocrx_word' id='word_1_3' title='bbox 588 460 929 562; x_wconf 62' lang='lat' dir='ltr'>(kantona-regin),</span> <span class='ocrx_word' id='word_1_4' title='bbox 959 458 1021 559; x_wconf 93' lang='lat' dir='ltr'>qui</span> <span class='ocrx_word' id='word_1_5' title='bbox 1039 454 1134 530; x_wconf 87' lang='lat' dir='ltr'>hanc</span> <span class='ocrx_word' id='word_1_6' title='bbox 1152 477 1217 528; x_wconf 78' lang='lat' dir='ltr'>re·</span> 
     </span>
     <span class='ocr_line' id='line_1_2' title="bbox 253 569 1214 677; baseline -0.006 -29"><span class='ocrx_word' id='word_1_7' title='bbox 253 580 352 664; x_wconf 86' lang='lat' dir='ltr'>niam</span> <span class='ocrx_word' id='word_1_8' title='bbox 370 579 585 655; x_wconf 84' lang='lat' dir='ltr'>-concedere</span> <span class='ocrx_word' id='word_1_9' title='bbox 612 578 756 677; x_wconf 87' lang='lat' dir='ltr'>nequit,</span> <span class='ocrx_word' id='word_1_10' title='bbox 787 575 855 648; x_wconf 86' lang='lat' dir='ltr'>nisi</span> <span class='ocrx_word' id='word_1_11' title='bbox 887 588 992 650; x_wconf 89' lang='lat' dir='ltr'>antea</span> <span class='ocrx_word' id='word_1_12' title='bbox 1019 569 1214 656; x_wconf 62' lang='lat' dir='ltr'>consultis,</span> 
     </span>
     <span class='ocr_line' id='line_1_3' title="bbox 252 683 1219 784; baseline -0.011 -19"><span class='ocrx_word' id='word_1_13' title='bbox 252 706 314 765; x_wconf 86' lang='lat' dir='ltr'>aut</span> <span class='ocrx_word' id='word_1_14' title='bbox 333 691 406 766; x_wconf 77' lang='lat' dir='ltr'>rite</span> <span class='ocrx_word' id='word_1_15' title='bbox 423 693 552 766; x_wconf 89' lang='lat' dir='ltr'>saltem</span> <span class='ocrx_word' id='word_1_16' title='bbox 567 690 779 766; x_wconf 80' lang='lat' dir='ltr'>convocatis</span> <span class='ocrx_word' id='word_1_17' title='bbox 792 684 991 772; x_wconf 88' lang='lat' dir='ltr'>tutoribus,</span> <span class='ocrx_word' id='word_1_18' title='bbox 1013 683 1049 758; x_wconf 86' lang='lat' dir='ltr'>et¹</span> <span class='ocrx_word' id='word_1_19' title='bbox 1064 698 1219 784; x_wconf 85' lang='lat' dir='ltr'>quatuor</span> 
     </span>
     <span class='ocr_line' id='line_1_4' title="bbox 251 789 1219 904; baseline -0.007 -28"><span class='ocrx_word' id='word_1_20' title='bbox 251 807 502 903; x_wconf 82' lang='lat' dir='ltr'>proximorum</span> <span class='ocrx_word' id='word_1_21' title='bbox 518 789 777 904; x_wconf 75' lang='lat' dir='ltr'>cognatorum,</span> <span class='ocrx_word' id='word_1_22' title='bbox 798 801 857 874; x_wconf 82' lang='lat' dir='ltr'>vel</span> <span class='ocrx_word' id='word_1_23' title='bbox 876 800 929 872; x_wconf 90' lang='lat' dir='ltr'>his</span> <span class='ocrx_word' id='word_1_24' title='bbox 949 798 1219 886; x_wconf 83' lang='lat' dir='ltr'>deficientibus,</span> 
     </span>
     <span class='ocr_line' id='line_1_5' title="bbox 254 908 1221 1014; baseline -0.005 -28"><span class='ocrx_word' id='word_1_25' title='bbox 254 917 424 1001; x_wconf 86' lang='lat' dir='ltr'>affinium,</span> <span class='ocrx_word' id='word_1_26' title='bbox 442 916 479 986; x_wconf 91' lang='lat' dir='ltr'>in</span> <span class='ocrx_word' id='word_1_27' title='bbox 494 917 617 1014; x_wconf 77' lang='lat' dir='ltr'>Regno</span> <span class='ocrx_word' id='word_1_28' title='bbox 632 911 893 998; x_wconf 84' lang='lat' dir='ltr'>habitantibus,</span> <span class='ocrx_word' id='word_1_29' title='bbox 909 908 1126 1011; x_wconf 82' lang='lat' dir='ltr'>majoribus,</span> <span class='ocrx_word' id='word_1_30' title='bbox 1146 908 1221 981; x_wconf 65' lang='lat' dir='ltr'>dia</span> 
     </span>
     <span class='ocr_line' id='line_1_6' title="bbox 251 1025 1220 1127; baseline -0.009 -26"><span class='ocrx_word' id='word_1_31' title='bbox 251 1027 412 1101; x_wconf 82' lang='lat' dir='ltr'>tentibus</span> <span class='ocrx_word' id='word_1_32' title='bbox 425 1026 540 1127; x_wconf 85' lang='lat' dir='ltr'>gradu</span> <span class='ocrx_word' id='word_1_33' title='bbox 557 1040 689 1127; x_wconf 85' lang='lat' dir='ltr'>quarto</span> <span class='ocrx_word' id='word_1_34' title='bbox 712 1025 772 1098; x_wconf 82' lang='lat' dir='ltr'>vel</span> <span class='ocrx_word' id='word_1_35' title='bbox 784 1025 966 1127; x_wconf 85' lang='lat' dir='ltr'>propiori,</span> <span class='ocrx_word' id='word_1_36' title='bbox 984 1038 1020 1097; x_wconf 89' lang='lat' dir='ltr'>et</span> <span class='ocrx_word' id='word_1_37' title='bbox 1041 1037 1220 1124; x_wconf 85' lang='lat' dir='ltr'>quantum</span> 
     </span>
     <span class='ocr_line' id='line_1_7' title="bbox 252 1135 1219 1242; baseline -0.004 -30"><span class='ocrx_word' id='word_1_38' title='bbox 252 1137 331 1213; x_wconf 86' lang='lat' dir='ltr'>fieri</span> <span class='ocrx_word' id='word_1_39' title='bbox 345 1155 480 1242; x_wconf 88' lang='lat' dir='ltr'>potest,</span> <span class='ocrx_word' id='word_1_40' title='bbox 496 1141 574 1241; x_wconf 87' lang='lat' dir='ltr'>pari</span> <span class='ocrx_word' id='word_1_41' title='bbox 584 1165 740 1212; x_wconf 89' lang='lat' dir='ltr'>numero</span> <span class='ocrx_word' id='word_1_42' title='bbox 754 1166 796 1212; x_wconf 86' lang='lat' dir='ltr'>ex</span> <span class='ocrx_word' id='word_1_43' title='bbox 811 1154 965 1239; x_wconf 78' lang='lat' dir='ltr'>utraque</span> <span class='ocrx_word' id='word_1_44' title='bbox 977 1135 1073 1208; x_wconf 85' lang='lat' dir='ltr'>linea</span> <span class='ocrx_word' id='word_1_45' title='bbox 1084 1136 1219 1209; x_wconf 66' lang='lat' dir='ltr'>electio·</span> 
     </span>
     <span class='ocr_line' id='line_1_8' title="bbox 251 1247 1246 1352; baseline 0.005 -31"><span class='ocrx_word' id='word_1_46' title='bbox 251 1250 511 1324; x_wconf 86' lang='lat' dir='ltr'>Deficientibus</span> <span class='ocrx_word' id='word_1_47' title='bbox 530 1253 693 1352; x_wconf 79' lang='lat' dir='ltr'>cognatis</span> <span class='ocrx_word' id='word_1_48' title='bbox 709 1267 817 1350; x_wconf 87' lang='lat' dir='ltr'>atque</span> <span class='ocrx_word' id='word_1_49' title='bbox 833 1247 1020 1338; x_wconf 82' lang='lat' dir='ltr'>affini-bus,</span> <span class='ocrx_word' id='word_1_50' title='bbox 1039 1263 1102 1321; x_wconf 88' lang='lat' dir='ltr'>aut</span> <span class='ocrx_word' id='word_1_51' title='bbox 1120 1261 1220 1347; x_wconf 85' lang='lat' dir='ltr'>post-</span> <span class='ocrx_word' id='word_1_52' title='bbox 1242 1318 1246 1326; x_wconf 92' lang='lat'><em>.</em></span> 
     </span>
     <span class='ocr_line' id='line_1_9' title="bbox 253 1360 1258 1462; baseline -0.003 -27"><span class='ocrx_word' id='word_1_53' title='bbox 253 1389 367 1462; x_wconf 87' lang='lat' dir='ltr'>quam</span> <span class='ocrx_word' id='word_1_54' title='bbox 384 1363 453 1438; x_wconf 73' lang='lat' dir='ltr'>rite</span> <span class='ocrx_word' id='word_1_55' title='bbox 471 1364 665 1437; x_wconf 86' lang='lat' dir='ltr'>convocati</span> <span class='ocrx_word' id='word_1_56' title='bbox 684 1378 782 1447; x_wconf 83' lang='lat' dir='ltr'>sunt,</span> <span class='ocrx_word' id='word_1_57' title='bbox 801 1387 922 1459; x_wconf 69' lang='lat' dir='ltr'>neque</span> <span class='ocrx_word' id='word_1_58' title='bbox 953 1364 1068 1460; x_wconf 73' lang='lat' dir='ltr'>ipsoS,</span> <span class='ocrx_word' id='word_1_59' title='bbox 1098 1377 1221 1460; x_wconf 84' lang='lat' dir='ltr'>neque</span> <span class='ocrx_word' id='word_1_60' title='bbox 1255 1360 1258 1378; x_wconf 91' lang='lat'>&#39;</span> 
     </span>
     <span class='ocr_line' id='line_1_10' title="bbox 252 1473 1218 1579; baseline -0.009 -27"><span class='ocrx_word' id='word_1_61' title='bbox 252 1505 320 1579; x_wconf 87' lang='lat' dir='ltr'>per</span> <span class='ocrx_word' id='word_1_62' title='bbox 333 1494 610 1577; x_wconf 86' lang='lat' dir='ltr'>procuratorem</span> <span class='ocrx_word' id='word_1_63' title='bbox 625 1502 668 1550; x_wconf 78' lang='lat' dir='ltr'>ae</span> <span class='ocrx_word' id='word_1_64' title='bbox 688 1474 912 1561; x_wconf 71' lang='lat' dir='ltr'><strong>sistentibus,</strong></span> <span class='ocrx_word' id='word_1_65' title='bbox 932 1474 1054 1572; x_wconf 72' lang='lat' dir='ltr'>judex,</span> <span class='ocrx_word' id='word_1_66' title='bbox 1075 1473 1218 1579; x_wconf 83' lang='lat' dir='ltr'>auditis,</span> 
     </span>
     <span class='ocr_line' id='line_1_11' title="bbox 255 1588 1220 1678; baseline 0.003 -18"><span class='ocrx_word' id='word_1_67' title='bbox 255 1605 318 1660; x_wconf 85' lang='lat' dir='ltr'>aut</span> <span class='ocrx_word' id='word_1_68' title='bbox 333 1590 461 1662; x_wconf 86' lang='lat' dir='ltr'>saltem</span> <span class='ocrx_word' id='word_1_69' title='bbox 494 1590 578 1660; x_wconf 46' lang='lat' dir='ltr'>rite*</span> <span class='ocrx_word' id='word_1_70' title='bbox 600 1591 810 1661; x_wconf 79' lang='lat' dir='ltr'>convocatis</span> <span class='ocrx_word' id='word_1_71' title='bbox 841 1588 1040 1678; x_wconf 80' lang='lat' dir='ltr'>tutoribus,</span> <span class='ocrx_word' id='word_1_72' title='bbox 1074 1590 1220 1663; x_wconf 77' lang='lat' dir='ltr'>veniant</span> 
     </span>
     <span class='ocr_line' id='line_1_12' title="bbox 255 1699 1218 1802; baseline 0.003 -30"><span class='ocrx_word' id='word_1_73' title='bbox 255 1699 460 1773; x_wconf 81' lang='lat' dir='ltr'>concedere</span> <span class='ocrx_word' id='word_1_74' title='bbox 478 1713 540 1771; x_wconf 87' lang='lat' dir='ltr'>aut</span> <span class='ocrx_word' id='word_1_75' title='bbox 558 1714 727 1772; x_wconf 78' lang='lat' dir='ltr'>recusa-re</span> <span class='ocrx_word' id='word_1_76' title='bbox 747 1699 872 1786; x_wconf 62' lang='lat' dir='ltr'>daban</span> <span class='ocrx_word' id='word_1_77' title='bbox 893 1703 964 1775; x_wconf 79' lang='lat' dir='ltr'>Art</span> <span class='ocrx_word' id='word_1_78' title='bbox 990 1705 1048 1795; x_wconf 66' lang='lat'>14,</span> <span class='ocrx_word' id='word_1_79' title='bbox 1072 1701 1119 1774; x_wconf 88' lang='lat' dir='ltr'>de</span> <span class='ocrx_word' id='word_1_80' title='bbox 1144 1729 1218 1802; x_wconf 82' lang='lat' dir='ltr'>qua</span> 
     </span>
     <span class='ocr_line' id='line_1_13' title="bbox 254 1811 1268 1915; baseline 0.003 -30"><span class='ocrx_word' id='word_1_81' title='bbox 254 1827 376 1885; x_wconf 85' lang='lat' dir='ltr'>tamen</span> <span class='ocrx_word' id='word_1_82' title='bbox 391 1811 576 1886; x_wconf 83' lang='lat' dir='ltr'>decisione</span> <span class='ocrx_word' id='word_1_83' title='bbox 600 1812 738 1900; x_wconf 81' lang='lat' dir='ltr'>liberis,</span> <span class='ocrx_word' id='word_1_84' title='bbox 753 1834 821 1887; x_wconf 85' lang='lat' dir='ltr'>nec</span> <span class='ocrx_word' id='word_1_85' title='bbox 840 1831 918 1886; x_wconf 82' lang='lat' dir='ltr'>non</span> <span class='ocrx_word' id='word_1_86' title='bbox 930 1815 1094 1914; x_wconf 82' lang='lat' dir='ltr'>cognatis</span> <span class='ocrx_word' id='word_1_87' title='bbox 1109 1828 1219 1915; x_wconf 84' lang='lat' dir='ltr'>atque</span> <span class='ocrx_word' id='word_1_88' title='bbox 1265 1826 1268 1832; x_wconf 84' lang='lat'><em>&#39;</em></span> 
     </span>
     <span class='ocr_line' id='line_1_14' title="bbox 256 1926 1218 2025; baseline 0 -24"><span class='ocrx_word' id='word_1_89' title='bbox 256 1926 449 2012; x_wconf 73' lang='lat' dir='ltr'>affinibuS,</span> <span class='ocrx_word' id='word_1_90' title='bbox 477 1927 541 2025; x_wconf 86' lang='lat' dir='ltr'>qai</span> <span class='ocrx_word' id='word_1_91' title='bbox 571 1927 796 1999; x_wconf 82' lang='lat' dir='ltr'>¹sententiam</span> <span class='ocrx_word' id='word_1_92' title='bbox 827 1947 929 1999; x_wconf 82' lang='lat' dir='ltr'>suam</span> <span class='ocrx_word' id='word_1_93' title='bbox 964 1927 1218 2016; x_wconf 79' lang='lat' dir='ltr'>declararunt,</span> 
     </span>
    </p>

    <p class='ocr_par' dir='ltr' id='par_1_2' title="bbox 173 2034 1221 2347">
     <span class='ocr_line' id='line_1_15' title="bbox 211 2034 1221 2137; baseline 0.005 -31"><span class='ocrx_word' id='word_1_94' title='bbox 211 2084 221 2098; x_wconf 88' lang='lat'>·.</span> <span class='ocrx_word' id='word_1_95' title='bbox 256 2037 361 2134; x_wconf 83' lang='lat' dir='ltr'>queri</span> <span class='ocrx_word' id='word_1_96' title='bbox 378 2036 465 2108; x_wconf 86' lang='lat' dir='ltr'>licet</span> <span class='ocrx_word' id='word_1_97' title='bbox 482 2034 579 2134; x_wconf 90' lang='lat' dir='ltr'>apud</span> <span class='ocrx_word' id='word_1_98' title='bbox 594 2034 754 2107; x_wconf 84' lang='lat' dir='ltr'>tribunal</span> <span class='ocrx_word' id='word_1_99' title='bbox 765 2039 1092 2132; x_wconf 73' lang='lat' dir='ltr'>(arrondr&#39;ssements</span> <span class='ocrx_word' id='word_1_100' title='bbox 1107 2043 1221 2137; x_wconf 73' lang='lat' dir='ltr'>Regr-</span> 
     </span>
     <span class='ocr_line' id='line_1_16' title="bbox 173 2145 1219 2249; baseline 0.004 -27"><span class='ocrx_word' id='word_1_101' title='bbox 173 2198 176 2207; x_wconf 92' lang='lat'>·</span> <span class='ocrx_word' id='word_1_102' title='bbox 257 2147 377 2242; x_wconf 74' lang='lat' dir='ltr'>bank)</span> <span class='ocrx_word' id='word_1_103' title='bbox 406 2147 528 2244; x_wconf 83' lang='lat' dir='ltr'>quod,</span> <span class='ocrx_word' id='word_1_104' title='bbox 557 2145 679 2218; x_wconf 88' lang='lat' dir='ltr'>audito</span> <span class='ocrx_word' id='word_1_105' title='bbox 713 2146 957 2221; x_wconf 84' lang='lat' dir='ltr'>Procuratore</span> <span class='ocrx_word' id='word_1_106' title='bbox 990 2152 1110 2249; x_wconf 51' lang='lat' dir='ltr'>Regin</span> <span class='ocrx_word' id='word_1_107' title='bbox 1140 2153 1219 2226; x_wconf 82' lang='lat' dir='ltr'>sine</span> 
     </span>
     <span class='ocr_line' id='line_1_17' title="bbox 256 2252 1218 2347; baseline 0.011 -21"><span class='ocrx_word' id='word_1_108' title='bbox 256 2257 325 2328; x_wconf 87' lang='lat' dir='ltr'>alia</span> <span class='ocrx_word' id='word_1_109' title='bbox 342 2255 462 2329; x_wconf 86' lang='lat' dir='ltr'>forma</span> <span class='ocrx_word' id='word_1_110' title='bbox 480 2257 568 2347; x_wconf 74' lang='lat' dir='ltr'>litia,</span> <span class='ocrx_word' id='word_1_111' title='bbox 587 2258 730 2330; x_wconf 89' lang='lat' dir='ltr'>veniam</span> <span class='ocrx_word' id='word_1_112' title='bbox 756 2252 933 2333; x_wconf 84' lang='lat' dir='ltr'>concedet</span> <span class='ocrx_word' id='word_1_113' title='bbox 953 2275 1012 2333; x_wconf 88' lang='lat' dir='ltr'>aut</span> <span class='ocrx_word' id='word_1_114' title='bbox 1026 2260 1218 2337; x_wconf 83' lang='lat' dir='ltr'>recusabit.</span> 
     </span>
    </p>
   </div>
   <div class='ocr_carea' id='block_1_2' title="bbox 178 2369 1250 3124">
    <p class='ocr_par' dir='ltr' id='par_1_3' title="bbox 178 2369 1250 3124">
     <span class='ocr_line' id='line_1_18' title="bbox 256 2369 1220 2475; baseline 0.005 -32"><span class='ocrx_word' id='word_1_115' title='bbox 256 2371 338 2443; x_wconf 84' lang='lat' dir='ltr'>Art.</span> <span class='ocrx_word' id='word_1_116' title='bbox 370 2371 421 2443; x_wconf 89' lang='lat'>15.</span> <span class='ocrx_word' id='word_1_117' title='bbox 450 2370 500 2442; x_wconf 84' lang='lat' dir='ltr'>Et</span> <span class='ocrx_word' id='word_1_118' title='bbox 519 2369 618 2452; x_wconf 74' lang='lat' dir='ltr'>recte</span> <span class='ocrx_word' id='word_1_119' title='bbox 643 2370 796 2445; x_wconf 85' lang='lat' dir='ltr'>omnino</span> <span class='ocrx_word' id='word_1_120' title='bbox 821 2388 972 2471; x_wconf 82' lang='lat' dir='ltr'>egerunt</span> <span class='ocrx_word' id='word_1_121' title='bbox 997 2374 1220 2475; x_wconf 78' lang='lat' dir='ltr'>legislatores</span> 
     </span>
     <span class='ocr_line' id='line_1_19' title="bbox 178 2484 1221 2585; baseline 0.007 -29"><span class='ocrx_word' id='word_1_122' title='bbox 178 2554 185 2567; x_wconf 61' lang='grc'>,,</span> <span class='ocrx_word' id='word_1_123' title='bbox 257 2485 405 2585; x_wconf 75' lang='lat' dir='ltr'>Belgici,</span> <span class='ocrx_word' id='word_1_124' title='bbox 434 2486 685 2559; x_wconf 80' lang='lat' dir='ltr'>auctoritatem</span> <span class='ocrx_word' id='word_1_125' title='bbox 716 2484 978 2559; x_wconf 80' lang='lat' dir='ltr'>collateralium</span> <span class='ocrx_word' id='word_1_126' title='bbox 1015 2490 1061 2561; x_wconf 89' lang='lat' dir='ltr'>ita</span> <span class='ocrx_word' id='word_1_127' title='bbox 1094 2490 1221 2563; x_wconf 85' lang='lat' dir='ltr'>minu-</span> 
     </span>
     <span class='ocr_line' id='line_1_20' title="bbox 259 2598 1223 2700; baseline 0.004 -27"><span class='ocrx_word' id='word_1_128' title='bbox 259 2598 374 2688; x_wconf 88' lang='lat' dir='ltr'>endo,</span> <span class='ocrx_word' id='word_1_129' title='bbox 403 2626 487 2672; x_wconf 91' lang='lat' dir='ltr'>cum</span> <span class='ocrx_word' id='word_1_130' title='bbox 511 2625 764 2700; x_wconf 84' lang='lat' dir='ltr'>saepenumero</span> <span class='ocrx_word' id='word_1_131' title='bbox 791 2600 829 2670; x_wconf 91' lang='lat' dir='ltr'>in</span> <span class='ocrx_word' id='word_1_132' title='bbox 857 2608 1013 2677; x_wconf 82' lang='lat' dir='ltr'>conciliis</span> <span class='ocrx_word' id='word_1_133' title='bbox 1027 2604 1223 2699; x_wconf 78' lang='lat' dir='ltr'>familiar,</span> 
     </span>
     <span class='ocr_line' id='line_1_21' title="bbox 260 2714 1221 2820; baseline 0.011 -36"><span class='ocrx_word' id='word_1_134' title='bbox 260 2741 343 2812; x_wconf 88' lang='lat' dir='ltr'>quae</span> <span class='ocrx_word' id='word_1_135' title='bbox 373 2715 574 2788; x_wconf 88' lang='lat' dir='ltr'>secundum</span> <span class='ocrx_word' id='word_1_136' title='bbox 602 2714 658 2814; x_wconf 85' lang='lat' dir='ltr'>jus</span> <span class='ocrx_word' id='word_1_137' title='bbox 686 2717 864 2809; x_wconf 85' lang='lat' dir='ltr'>Gallicum</span> <span class='ocrx_word' id='word_1_138' title='bbox 882 2722 1140 2820; x_wconf 82' lang='lat' dir='ltr'>requiruntur,</span> <span class='ocrx_word' id='word_1_139' title='bbox 1156 2747 1221 2795; x_wconf 88' lang='lat' dir='ltr'>co-</span> 
     </span>
     <span class='ocr_line' id='line_1_22' title="bbox 259 2824 1250 2926; baseline 0.014 -32"><span class='ocrx_word' id='word_1_140' title='bbox 259 2824 356 2926; x_wconf 79' lang='lat' dir='ltr'>gnati</span> <span class='ocrx_word' id='word_1_141' title='bbox 371 2826 481 2924; x_wconf 82' lang='lat' dir='ltr'>magis</span> <span class='ocrx_word' id='word_1_142' title='bbox 496 2851 582 2898; x_wconf 83' lang='lat' dir='ltr'>suos</span> <span class='ocrx_word' id='word_1_143' title='bbox 597 2829 760 2924; x_wconf 89' lang='lat' dir='ltr'>ipsorum</span> <span class='ocrx_word' id='word_1_144' title='bbox 774 2833 884 2900; x_wconf 88' lang='lat' dir='ltr'>animi</span> <span class='ocrx_word' id='word_1_145' title='bbox 896 2833 1045 2905; x_wconf 85' lang='lat' dir='ltr'>affectus</span> <span class='ocrx_word' id='word_1_146' title='bbox 1061 2851 1096 2906; x_wconf 90' lang='lat' dir='ltr'>et</span> <span class='ocrx_word' id='word_1_147' title='bbox 1107 2835 1221 2922; x_wconf 85' lang='lat' dir='ltr'>lucra,</span> <span class='ocrx_word' id='word_1_148' title='bbox 1245 2848 1250 2864; x_wconf 90' lang='lat'><em>&#39;</em></span> 
     </span>
     <span class='ocr_line' id='line_1_23' title="bbox 259 2934 1222 3037; baseline 0.008 -28"><span class='ocrx_word' id='word_1_149' title='bbox 259 2963 372 3037; x_wconf 81' lang='lat' dir='ltr'>quam</span> <span class='ocrx_word' id='word_1_150' title='bbox 391 2935 567 3024; x_wconf 87' lang='lat' dir='ltr'>minoris,</span> <span class='ocrx_word' id='word_1_151' title='bbox 597 2934 643 3008; x_wconf 90' lang='lat' dir='ltr'>de</span> <span class='ocrx_word' id='word_1_152' title='bbox 675 2962 750 3033; x_wconf 91' lang='lat' dir='ltr'>quo</span> <span class='ocrx_word' id='word_1_153' title='bbox 774 2961 833 3010; x_wconf 89' lang='lat' dir='ltr'>res</span> <span class='ocrx_word' id='word_1_154' title='bbox 866 2939 997 3036; x_wconf 82' lang='lat' dir='ltr'>agitur,</span> <span class='ocrx_word' id='word_1_155' title='bbox 1026 2944 1222 3017; x_wconf 88' lang='lat' dir='ltr'>commoda</span> 
     </span>
     <span class='ocr_line' id='line_1_24' title="bbox 259 3047 718 3124; baseline -0.007 0"><span class='ocrx_word' id='word_1_156' title='bbox 259 3047 491 3124; x_wconf 87' lang='lat' dir='ltr'>considerare</span> <span class='ocrx_word' id='word_1_157' title='bbox 514 3048 666 3122; x_wconf 85' lang='lat' dir='ltr'>soleant.</span> <span class='ocrx_word' id='word_1_158' title='bbox 712 3061 718 3074; x_wconf 84' lang='grc'><strong><em>’</em></strong></span> 
     </span>
    </p>
   </div>
   <div class='ocr_carea' id='block_1_3' title="bbox 151 3182 1227 4096">
    <p class='ocr_par' dir='ltr' id='par_1_4' title="bbox 151 3182 1227 4096">
     <span class='ocr_line' id='line_1_25' title="bbox 307 3182 1221 3284; baseline 0.013 -17"><span class='ocrx_word' id='word_1_159' title='bbox 307 3197 331 3267; x_wconf 91' lang='lat' dir='ltr'><strong>J</strong></span> <span class='ocrx_word' id='word_1_160' title='bbox 333 3221 398 3268; x_wconf 90' lang='lat' dir='ltr'>ure</span> <span class='ocrx_word' id='word_1_161' title='bbox 423 3195 582 3284; x_wconf 87' lang='lat' dir='ltr'>Gallico,</span> <span class='ocrx_word' id='word_1_162' title='bbox 616 3221 702 3269; x_wconf 90' lang='lat' dir='ltr'>cum</span> <span class='ocrx_word' id='word_1_163' title='bbox 736 3182 842 3269; x_wconf 87' lang='lat' dir='ltr'>liberi</span> <span class='ocrx_word' id='word_1_164' title='bbox 873 3197 926 3268; x_wconf 71' lang='lat' dir='ltr'>ad‘</span> <span class='ocrx_word' id='word_1_165' title='bbox 959 3201 1041 3272; x_wconf 87' lang='lat' dir='ltr'>eam</span> <span class='ocrx_word' id='word_1_166' title='bbox 1078 3217 1221 3278; x_wconf 84' lang='lat' dir='ltr'>aetatem</span> 
     </span>
     <span class='ocr_line' id='line_1_26' title="bbox 260 3307 1223 3417; baseline 0.008 -37"><span class='ocrx_word' id='word_1_167' title='bbox 260 3307 512 3410; x_wconf 74' lang='lat' dir='ltr'>pervenerint,</span> <span class='ocrx_word' id='word_1_168' title='bbox 534 3334 606 3407; x_wconf 90' lang='lat' dir='ltr'>qua</span> <span class='ocrx_word' id='word_1_169' title='bbox 622 3334 700 3381; x_wconf 89' lang='lat' dir='ltr'>non</span> <span class='ocrx_word' id='word_1_170' title='bbox 719 3310 871 3410; x_wconf 84' lang='lat' dir='ltr'>amplius</span> <span class='ocrx_word' id='word_1_171' title='bbox 889 3337 1071 3388; x_wconf 88' lang='lat' dir='ltr'>consensu</span> <span class='ocrx_word' id='word_1_172' title='bbox 1085 3344 1223 3417; x_wconf 72' lang='lat' dir='ltr'>paren-</span> 
     </span>
     <span class='ocr_line' id='line_1_27' title="bbox 260 3421 1223 3528; baseline 0.005 -30"><span class='ocrx_word' id='word_1_173' title='bbox 260 3440 340 3498; x_wconf 86' lang='lat' dir='ltr'>tum</span> <span class='ocrx_word' id='word_1_174' title='bbox 365 3421 411 3493; x_wconf 86' lang='lat' dir='ltr'>ad</span> <span class='ocrx_word' id='word_1_175' title='bbox 435 3421 577 3520; x_wconf 86' lang='lat' dir='ltr'>nuptias</span> <span class='ocrx_word' id='word_1_176' title='bbox 607 3422 874 3497; x_wconf 88' lang='lat' dir='ltr'>contrahendas</span> <span class='ocrx_word' id='word_1_177' title='bbox 904 3425 1108 3528; x_wconf 85' lang='lat' dir='ltr'>indigeant,</span> <span class='ocrx_word' id='word_1_178' title='bbox 1140 3445 1223 3503; x_wconf 86' lang='lat' dir='ltr'>actu</span> 
     </span>
     <span class='ocr_line' id='line_1_28' title="bbox 151 3533 1227 3640; baseline 0.008 -32"><span class='ocrx_word' id='word_1_179' title='bbox 151 3580 159 3596; x_wconf 58' lang='grc' dir='ltr'><em>ι</em></span> <span class='ocrx_word' id='word_1_180' title='bbox 261 3534 424 3639; x_wconf 87' lang='lat' dir='ltr'>quodem</span> <span class='ocrx_word' id='word_1_181' title='bbox 434 3533 587 3625; x_wconf 78' lang='lat' dir='ltr'>solenni,</span> <span class='ocrx_word' id='word_1_182' title='bbox 608 3563 719 3636; x_wconf 87' lang='lat' dir='ltr'>quern</span> <span class='ocrx_word' id='word_1_183' title='bbox 733 3536 824 3610; x_wconf 90' lang='lat' dir='ltr'>Galli</span> <span class='ocrx_word' id='word_1_184' title='bbox 841 3555 973 3613; x_wconf 86' lang='lat' dir='ltr'>vocant</span> <span class='ocrx_word' id='word_1_185' title='bbox 989 3558 1067 3616; x_wconf 82' lang='lat' dir='ltr'>acte</span> <span class='ocrx_word' id='word_1_186' title='bbox 1086 3567 1227 3640; x_wconf 53' lang='lat' dir='ltr'>respeca</span> 
     </span>
     <span class='ocr_line' id='line_1_29' title="bbox 262 3649 1224 3749; baseline 0.007 -25"><span class='ocrx_word' id='word_1_187' title='bbox 262 3667 394 3739; x_wconf 72' lang='lat' dir='ltr'>tucax,</span> <span class='ocrx_word' id='word_1_188' title='bbox 419 3649 613 3722; x_wconf 82' lang='lat' dir='ltr'>consilium·</span> <span class='ocrx_word' id='word_1_189' title='bbox 630 3651 741 3749; x_wconf 85' lang='lat' dir='ltr'>patris</span> <span class='ocrx_word' id='word_1_190' title='bbox 768 3667 805 3726; x_wconf 84' lang='lat' dir='ltr'>et</span> <span class='ocrx_word' id='word_1_191' title='bbox 827 3656 968 3740; x_wconf 76' lang='lat' dir='ltr'>matris,</span> <span class='ocrx_word' id='word_1_192' title='bbox 990 3654 1047 3728; x_wconf 85' lang='lat' dir='ltr'>rel</span> <span class='ocrx_word' id='word_1_193' title='bbox 1067 3655 1110 3728; x_wconf 89' lang='lat' dir='ltr'>iis</span> <span class='ocrx_word' id='word_1_194' title='bbox 1128 3657 1224 3731; x_wconf 87' lang='lat' dir='ltr'>deli-</span> 
     </span>
     <span class='ocr_line' id='line_1_30' title="bbox 264 3755 1222 3866; baseline 0.008 -26"><span class='ocrx_word' id='word_1_195' title='bbox 264 3755 455 3858; x_wconf 79' lang='lat' dir='ltr'>cientibus,</span> <span class='ocrx_word' id='word_1_196' title='bbox 467 3789 619 3836; x_wconf 87' lang='lat' dir='ltr'>avorum</span> <span class='ocrx_word' id='word_1_197' title='bbox 629 3765 863 3866; x_wconf 79' lang='lat' dir='ltr'>arianumque</span> <span class='ocrx_word' id='word_1_198' title='bbox 872 3767 1062 3866; x_wconf 82' lang='lat' dir='ltr'>explorare</span> <span class='ocrx_word' id='word_1_199' title='bbox 1072 3768 1222 3848; x_wconf 86' lang='lat' dir='ltr'>debent.</span> 
     </span>
     <span class='ocr_line' id='line_1_31' title="bbox 266 3876 1224 3985; baseline 0.009 -33"><span class='ocrx_word' id='word_1_200' title='bbox 266 3876 344 3952; x_wconf 69' lang='lat' dir='ltr'>&#39;Art</span> <span class='ocrx_word' id='word_1_201' title='bbox 368 3876 457 3963; x_wconf 86' lang='lat'>151,</span> <span class='ocrx_word' id='word_1_202' title='bbox 488 3904 563 3979; x_wconf 81' lang='lat' dir='ltr'>sqq,</span> <span class='ocrx_word' id='word_1_203' title='bbox 587 3879 671 3952; x_wconf 87' lang='lat' dir='ltr'>Cod.</span> <span class='ocrx_word' id='word_1_204' title='bbox 691 3881 787 3976; x_wconf 76' lang='lat' dir='ltr'>Nep.</span> <span class='ocrx_word' id='word_1_205' title='bbox 812 3878 901 3952; x_wconf 89' lang='lat' dir='ltr'>Jure</span> <span class='ocrx_word' id='word_1_206' title='bbox 929 3878 1038 3954; x_wconf 87' lang='lat' dir='ltr'>etiam</span> <span class='ocrx_word' id='word_1_207' title='bbox 1056 3882 1224 3985; x_wconf 83' lang='lat' dir='ltr'>Belgic0,</span> 
     </span>
     <span class='ocr_line' id='line_1_32' title="bbox 266 3981 1226 4096; baseline 0.013 -36"><span class='ocrx_word' id='word_1_208' title='bbox 266 3985 297 4060; x_wconf 85' lang='lat' dir='ltr'>si</span> <span class='ocrx_word' id='word_1_209' title='bbox 316 3983 440 4075; x_wconf 90' lang='lat' dir='ltr'>liberi,</span> <span class='ocrx_word' id='word_1_210' title='bbox 460 3987 525 4085; x_wconf 89' lang='lat' dir='ltr'>qui</span> <span class='ocrx_word' id='word_1_211' title='bbox 545 4013 683 4096; x_wconf 83' lang='lat' dir='ltr'>annum</span> <span class='ocrx_word' id='word_1_212' title='bbox 700 3991 813 4064; x_wconf 85' lang='lat' dir='ltr'>aetatis</span> <span class='ocrx_word' id='word_1_213' title='bbox 822 3981 1038 4087; x_wconf 74' lang='lat' dir='ltr'>&#39;vicesimum</span> <span class='ocrx_word' id='word_1_214' title='bbox 1057 3997 1226 4096; x_wconf 78' lang='lat' dir='ltr'>quintum</span> 
     </span>
    </p>
   </div>
   <div class='ocr_carea' id='block_1_4' title="bbox 0 0 1318 4724">
    <p class='ocr_par' dir='ltr' id='par_1_5' title="bbox 0 0 1318 4724">
     <span class='ocr_line' id='line_1_33' title="bbox 0 0 1318 4724; baseline 0 0"><span class='ocrx_word' id='word_1_215' title='bbox 0 0 1318 4724; x_wconf 95' lang='lat' dir='ltr'> </span> 
     </span>
    </p>
   </div>
  </div>
 </body>
</html>
