2596 4724
575 368 760 418 rnmrurro.
1108 345 1144 415 ix

181 480 218 541 ct
250 468 287 539 in
321 468 400 567 ipso
430 468 537 540 etiam
584 499 739 571 corpore
765 473 852 573 juris
884 473 1037 548 Romani
1066 498 1144 546 non

184 593 426 668 inveniuntur.
465 597 615 698 Semper
650 619 785 688 alitem,
823 605 969 700 quando
1005 603 1143 701 requiri

181 724 386 813 videbatur,
409 727 554 827 Belgica
579 730 718 820 addidi,
749 732 924 831 quidnam
942 730 1141 830 significare

180 853 369 927 voluerim.

227 1020 411 1121 Superest,
426 1040 465 1096 ut
482 1025 728 1097 eruditissimis
745 1022 1035 1123 praeceptoribus
1050 1021 1139 1094 meis

86 1232 91 1241 ‚
178 1151 307 1247 gratias
339 1181 443 1252 agam
470 1183 580 1252 quam
615 1156 805 1238 maximas,
837 1179 904 1251 pro
934 1148 1137 1236 beneficiis,

85 1281 92 1293 '
175 1304 258 1375 quae
279 1276 433 1351 durante
454 1282 587 1378 spatio,
606 1305 682 1376 quo
707 1280 744 1347 in
764 1278 891 1348 illustri
913 1274 1138 1347 Amsteloda—

170 1407 290 1478 mensi
320 1408 496 1478 Athenaeo
522 1406 658 1478 studiis
693 1431 844 1502 operam
874 1401 976 1487 dedi,
1009 1403 1047 1471 in
1078 1426 1138 1473 me

170 1533 410 1632 cumularunt.
443 1536 652 1631 Numquam
688 1534 815 1630 igitur,
850 1531 1036 1603 clarissimi
1067 1558 1137 1605 vlu

96 1744 99 1748 ⁴
119 1640 121 1644 Ι
164 1657 342 1745 Swmneu,
369 1686 438 1733 vau
455 1656 616 1742 Laurea,
639 1680 709 1732 vlu
727 1646 917 1729 ⁴Clarenna
943 1671 979 1728 et
989 1682 1058 1730 vlu
1071 1682 1136 1727 uun

72 1793 76 1799 '
163 1783 340 1869 Baesuris,
361 1785 574 1855 eximiarum
601 1770 801 1856 lectionum
815 1799 1016 1854 vestrarum
1038 1806 1137 1852 sum-

162 1937 323 2011 maeque.
340 1937 412 2010 qua
431 1937 490 1983 me
511 1908 694 1997 affecistis,
714 1907 982 1980 benevolentiae
1005 1909 1134 1978 imme-

161 2062 247 2111 mor
275 2064 352 2111 esse
380 2054 522 2141 potero.
554 2040 600 2109 Et
624 2063 690 2109 vos
720 2037 917 2136 imprimis,
947 2035 1135 2108 clarissimi

158 2165 390 2257 veniturum
418 2175 453 2233 et
478 2193 542 2236 neu
571 2164 667 2251 Tax,
692 2164 812 2252 sinite,
842 2178 881 2235 ut
903 2163 962 2236 hic
986 2160 1132 2261 publice

157 2291 351 2391 profitear,
374 2293 502 2394 me,'si
523 2292 617 2364 ullos
639 2292 676 2361 in
703 2291 928 2391 quibuslibet
948 2290 1132 2390 jurispru-

159 2404 292 2479 dentiae
323 2403 484 2505 partibus
515 2429 727 2505 progressus
755 2401 849 2488 feei,
879 2417 976 2475 totos
1004 2403 1132 2474 vestris

158 2532 256 2603 curis
276 2528 464 2607 indefessis
492 2545 661 2630 acceptos
683 2526 823 2600 referre
840 2523 1131 2597 debere—Per·

159 2681 307 2729 suasum
323 2653 503 2741 habeatis,
521 2680 586 2726 vos
605 2678 683 2724 non
702 2655 741 2720 in
758 2654 936 2748 ingratum
952 2647 1131 2720 beneficia

157 2797 279 2853 vestra
294 2779 515 2860 collocasse
534 2805 678 2874 semper
691 2777 789 2847 enim
803 2801 945 2848 summo
966 2775 1128 2865 honore,

155 2899 387 2996 maximaque
414 2898 619 2970 reverentia
652 2925 714 2973 vos
742 2899 865 2973 colere
896 2926 1059 3005 pergam,
1093 2916 1130 2975 et

157 3043 243 3102 rota
256 3027 378 3099 facere
398 3053 474 3099 non
490 3026 672 3116 desinam,
690 3045 729 3101 ut
744 3030 782 3098 in
800 3029 989 3101 utilitatem
1002 3030 1128 3127 juven-

152 3157 258 3244 tutis,
288 3155 326 3225 in
353 3153 464 3246 decus
491 3154 631 3253 patriae,
658 3170 766 3254 atque
790 3154 955 3229 Athenaei
985 3157 1122 3244 nostri,

158 3289 273 3384 inque
305 3281 477 3382 gaudium
513 3257 732 3356 familiarum
763 3298 979 3370 vestrarum,
1016 3311 1126 3384 quam

157 3407 372 3512 diutissime,
388 3424 496 3510 atque
511 3409 717 3484 felicissime
735 3413 1016 3490 conservemini.
