2596 4724
154 486 374 588 legislatores
385 486 567 590 Belgicos,
586 491 631 562 ad
651 492 762 563 instar
776 507 963 565 auctorum
978 489 1123 565 Codicis

160 601 307 689 Gallici,
326 628 548 703 magnopere
567 604 605 675 in
623 603 713 676 illud
732 605 1056 704 operamdedisse,
1071 631 1119 678 ne

155 712 245 810 quid
265 714 528 811 patrimonium
544 716 669 788 uxoris
692 715 900 790 detrimenti
919 719 1052 816 capiat,
1083 730 1124 788 ut

155 825 327 898 inviolata
346 841 517 899 maneant
535 826 611 926 ejus
631 827 730 926 jura,
755 832 863 929 atquc
879 842 1126 930 praevertatur

158 940 276 1012 omnis
290 939 389 1014 fraus
404 941 550 1012 mariti·
543 941 678 1041 ,hujus
693 956 815 1016 autem
828 970 881 1016 rer
872 944 1000 1044 plura
1015 942 1125 1017 etiam

158 1052 321 1152 exempla
340 1051 485 1127 adferre
501 1080 720 1153 possumus.
713 1056 809 1130 Sic·

211 1216 252 1270 1⁰
272 1196 388 1287 Uxor,
406 1202 500 1299 quae
520 1225 558 1271 se
578 1225 662 1271 cum
681 1200 810 1272 marito
827 1201 865 1269 in
884 1198 1043 1297 solidum
1062 1225 1122 1273 re-

156 1326 280 1408 spectu
297 1338 423 1382 rerum
438 1311 719 1396 communionis,
734 1324 797 1382 aut
804 1311 922 1383 mariti
938 1312 1122 1411 obligavit,

156 1448 234 1495 non
247 1423 373 1511 aliter,
394 1425 535 1497 ratione
554 1423 690 1509 mariti,
713 1423 780 1496 nisi
799 1436 973 1523 tanquam
998 1425 1120 1510 cautio

158 1535 421 1626 consideratur,
442 1552 551 1637 atque
571 1535 750 1639 indemnis
769 1537 943 1637 praestari
958 1535 1067 1611 debet
1078 1537 1125 1612 de

157 1649 376 1749 obligatione
392 1677 503 1751 quam
523 1651 634 1738 inivit.
656 1652 735 1723 Art.
757 1649 813 1723 26.
834 1649 956 1724 Habet
974 1650 1123 1750 quidem

157 1767 268 1837 etiam
285 1767 434 1835 maritus
452 1789 658 1862 regressum
677 1763 846 1835 adversus
864 1791 1035 1852 uxorem,
1059 1764 1124 1838 sed

157 1890 299 1947 tantum
323 1901 425 1963 casu,
456 1899 532 1973 quo
551 1875 769 1946 convenitur
797 1872 844 1942 ad
870 1874 1126 1971 praestandam

158 1989 396 2076 evictionem,
426 2010 537 2088 quam
570 1984 753 2086 promisit,
773 1984 967 2058 occasione
991 1976 1124 2057 verili-

156 2101 266 2174 tionis
280 2102 333 2174 rei
352 2098 547 2187 immobilis
565 2103 693 2172 uxoris
705 2103 869 2194 proprioe.
890 2099 970 2170 Art.
982 2096 1064 2196 27

210 2279 256 2334 2⁰.
283 2261 317 2332 Si
334 2260 479 2333 vendita
499 2261 542 2332 sit
560 2285 619 2332 res
639 2258 835 2331 immobilis
853 2260 1014 2333 alterutri
1033 2287 1126 2335 con-

158 2373 232 2475 jugi
248 2372 417 2473 propria,
438 2385 499 2442 aut
518 2371 547 2442 si
567 2394 635 2467 pro
658 2373 815 2466 pecunia
842 2374 1028 2445 redemtae
1056 2377 1127 2446 sint

158 2486 361 2577 servitutes,
387 2509 493 2593 quae
501 2480 732 2555 debebentur
755 2479 891 2569 fundo,
918 2481 963 2552 ad
987 2483 1126 2558 alteru-

158 2600 249 2672 trius
269 2597 529 2697 patrimonium
573 2592 786 2695 pertinenti,
816 2594 975 2694 pretium
1005 2609 1128 2669 autem

161 2736 239 2784 non
254 2706 299 2781 ad
319 2710 428 2781 alium
448 2733 554 2779 usum
573 2704 792 2792 adhibitum,
813 2706 906 2779 sed
897 2733 935 2777 rn
957 2730 1129 2794 commu

161 2823 312 2896 nionem
332 2819 490 2893 infusum
506 2819 564 2908 sit;
584 2833 672 2891 tunc
691 2816 846 2918 conjux,
866 2817 968 2917 cujus
982 2845 1040 2894 res
1060 2824 1130 2895 im·
1204 2895 1211 2907 ,

160 2934 307 3010 mobilis
326 2931 471 3007 vendita
489 2947 549 3005 aut
561 2919 747 3006 servitutes
766 2932 940 3007 redemtae
956 2937 1128 3036 propriae
1207 2993 1211 2998 -

163 3066 283 3138 erant,
304 3047 360 3148 jus
378 3047 504 3135 habet,
524 3073 649 3119 earum
662 3048 820 3146 pretium
834 3073 854 3119 e
867 3051 1129 3124 communione

162 3154 419 3273 praecipiendi
439 3163 518 3234 Art.
542 3166 596 3235 28
618 3160 699 3232 Hoc
719 3173 841 3231 autem
859 3157 927 3257 jus,
942 3160 969 3234 si
984 3187 1043 3236 res
1062 3163 1130 3235 im-

162 3277 309 3354 mobilis
340 3274 459 3361 mariti
481 3287 585 3363 erat,
614 3287 754 3367 tantum
774 3273 812 3343 in
838 3272 940 3348 bona
963 3302 1131 3351 commu-

160 3391 280 3466 nionis
307 3378 518 3476 exerceam
540 3386 569 3457 si
601 3410 689 3458 vero
715 3386 855 3473 uxoris,
891 3386 981 3462 haec
1012 3402 1133 3485 potest

164 3506 272 3580 etiam
305 3499 503 3575 convenire
534 3499 635 3571 bona
672 3498 790 3570 mariti
821 3500 982 3601 propria,
1015 3527 1131 3600 quum
1220 3533 1222 3537 ¹

110 3704 113 3712 ,
164 3607 376 3693 communio
400 3638 478 3686 non
509 3604 667 3710 sufficiat.
694 3604 864 3713 Utroque
897 3627 1017 3686 autem
1045 3617 1132 3688 casu

164 3733 321 3833 pretium
334 3718 473 3804 tantum
493 3727 754 3801 restituendum
774 3742 842 3814 est,
863 3730 938 3825 quo
960 3753 1019 3801 res
1041 3753 1132 3800 veu—
1214 3773 1223 3786 =

164 3846 236 3920 dita
251 3859 313 3932 cst,
326 3844 424 3919 nulla
439 3843 580 3916 ratione
590 3841 712 3917 habita
724 3842 800 3942 ejus
815 3841 957 3917 valoris.
973 3845 1054 3918 Art.
1069 3845 1127 3916 31.

164 3963 218 4035 Ut
232 3959 388 4061 pretium
406 3973 595 4035 censeatur
612 3958 650 4030 in
667 3959 777 4030 alium
801 3982 908 4029 osum
924 3983 1002 4031 esse
1025 3957 1133 4030 adhi-

164 4076 301 4160 bitum,
322 4072 350 4143 si
370 4071 520 4172 quidem
537 4099 595 4145 res
614 4070 760 4145 vendita
777 4070 896 4144 mariti
913 4069 1047 4164 fuerat,
1068 4099 1132 4170 rc·;

956 4183 988 4257 J.
