2596 4724
600 365 617 463 t
645 392 688 466 19
712 364 729 461 t

224 519 273 577 2⁸.
299 503 335 574 Si
370 497 667 574 contrahentium
700 493 760 569 vel
790 495 995 572 alterutrius
1022 519 1155 570 eorum

167 599 375 689 eonsensus
392 637 469 684 non
489 609 677 684 liberast:
709 610 811 684 verbi
839 611 971 711 gratia,
1001 611 1040 683 in
1065 636 1152 685 oasu

167 723 323 816 furoris,
341 725 550 814 dementiae,
561 714 694 798 'metris
718 738 755 798 et
771 723 968 812 similium,

218 860 268 933 3⁰.
294 858 329 933 si
344 859 476 958 justam
495 871 637 930 aetatem
656 881 733 930 non
748 855 932 946 habeant,

219 988 270 1081 4⁰,
296 990 331 1063 Si
365 987 435 1064 sibi
468 987 628 1062 invicem
658 987 730 1060 sint
763 987 909 1089 cognati
939 986 997 1069 vel
1027 970 1151 1074 affines

168 1099 304 1200 gradu,
340 1128 417 1204 quo
448 1102 508 1176 lex
541 1100 819 1182 matrimonium
856 1101 1024 1177 contrahi
1055 1126 1150 1209 prof·

167 1210 287 1302 hibet,

216 1341 264 1412 5⁰.
292 1340 330 1411 Si
348 1338 492 1415 adulter
515 1363 601 1410 cum
616 1337 782 1424 adultera
799 1338 1075 1413 matrimonium
1094 1353 1149 1417 'est
1258 1359 1261 1367 '

168 1453 327 1538 initurus
339 1513 348 1547 ,

151 1603 169 1616 '¹
213 1602 267 1677 6⁰.
289 1603 324 1674 Si
342 1605 518 1705 conjuges
534 1600 697 1685 divortio
714 1600 889 1704 sejuncti,
903 1602 1037 1687 iterum
1053 1578 1147 1689 eona¹

164 1712 270 1816 jungi
296 1715 440 1806 volunt,

215 1875 278 1958 70.⁴
291 1859 328 1930 Si
347 1857 485 1940 femina
509 1887 649 1935 novum
678 1863 958 1941 matrimonium
979 1879 1035 1937 est
1052 1890 1148 1940 oon-

164 1985 324 2048 traetura
344 1974 428 2048 ante
448 1974 527 2050 dias
542 1988 766 2057 trecentosa
786 1974 1030 2052 dissolutione
1047 2003 1166 2078 prm·

165 2085 341 2162 cedentis.
355 2089 430 2163 Art.
451 2089 510 2198 39,

214 2240 272 2327 De
300 2230 596 2345 oppositionibus
629 2238 795 2342 judicare
810 2239 926 2316 debet
951 2240 1146 2335 Tribunai,

165 2350 757 2456 (arrondissementse-regtbank)
782 2354 822 2420 in
847 2352 952 2449 cujus
972 2353 1149 2452 jurisdic-
1250 2424 1254 2432 ,

165 2466 270 2548 tione
289 2466 379 2540 situs
398 2482 451 2540 est
469 2466 599 2554 locus,
619 2463 683 2539 ubi
699 2464 837 2565 nuptiae
856 2480 939 2538 sunt
958 2467 1147 2541 celebran·
1255 2465 1258 2480 '

130 2676 134 2684 .
160 2575 229 2652 dae.
253 2578 331 2653 Art.
352 2581 410 2672 4ο.
432 2579 478 2650 In
494 2579 742 2652 instrumento
758 2593 899 2665 autem,
925 2602 1002 2676 quo
1016 2580 1147 2659 ,conti-

164 2706 276 2765 netur
295 2692 505 2792 oppositi0,
529 2691 638 2765 simul
657 2692 847 2764 enunciari
863 2689 1003 2764 debent
1016 2718 1149 2770 omnes
1265 2693 1268 2701 ’

152 2816 310 2891 cauam,
344 2805 481 2904 quihus
504 2804 617 2883 uti-tur
644 2803 756 2902 isqui
775 2802 994 2896 intercedit3
1022 2831 1146 2907 neque
1275 2842 1276 2847 ¹

160 2931 334 3021 poterunt
357 2916 435 2990 aliae
456 2942 574 2991 causae
594 2915 776 3017 proponi,
799 2916 870 2990 uisi
896 2915 1148 3018 demumpost

161 3033 436 3134 oppositionem
451 3046 542 3106 ortae
556 3030 705 3119 fuerint.
716 3032 793 3114 Art.
808 3033 867 3136 41.
884 3027 1005 3106 Porro
1020 3029 1144 3106 obser·
1202 3072 1205 3075 ·

160 3146 326 3231 vandum
342 3162 416 3243 est,
450 3172 528 3234 non
559 3160 737 3246 cognatos
763 3142 822 3227 vel
850 3145 974 3231 affines
993 3146 1145 3255 impune

152 3258 406 3336 calumniandi
425 3286 533 3334 causa
553 3285 591 3333 se
608 3249 714 3360 posse
732 3282 936 3358 opponere,
957 3285 1044 3340 ¹eum
1061 3265 1140 3347 Art,

73 3386 114 3400 ·“
162 3375 211 3468 43
242 3387 398 3475 statuat?
430 3397 515 3458 eos,
547 3370 612 3471 qui
644 3368 948 3460 intercederunt,
981 3360 1144 3475 exceptis
1208 3402 1210 3407 ·

161 3485 490 3574 adscendentibus,
506 3483 632 3558 liberis
657 3499 693 3556 et
706 3484 951 3558 Procuratore
976 3487 1093 3584 Regis,
1111 3487 1142 3562 si

67 3677 70 3685 ,
157 3601 347 3704 oppositio
367 3601 412 3674 sit
426 3596 578 3698 rejecta,
598 3623 705 3701 posse
723 3597 968 3684 condemnari
983 3600 1022 3681 in
1034 3599 1140 3697 illud,

165 3715 443 3815 quodinterest.
601 3707 604 3715 ’

207 3858 435 3958 Magistratus
451 3856 574 3960 ,statds
601 3857 736 3947 civilis,
765 3857 830 3958 qui
858 3831 1139 3960 matrimonium

159 3966 413 4077 celebraverit,
428 3966 645 4072 priusquam
663 3972 729 4071 ipsi
751 3995 771 4042 e
788 3971 972 4043 sententia
988 3968 1137 4071 judicis,

155 4082 215 4159 uel
235 4109 279 4159 ex
295 4085 540 4164 instrumento
559 4084 770 4162 authentico
784 4083 1002 4178 constiterit,
1022 4109 1135 4185 oppos
