2596 4724
584 352 712 449 (27)

164 472 345 564 Romanos
365 469 569 560 obtinebat,
586 473 649 545 sed
664 473 776 547 multo
796 478 926 567 melius
938 480 1125 585 legislator

168 610 225 660 res
242 585 357 656 nostri
377 581 578 657 statuerunt
589 588 773 701 ,nuptias,
793 604 920 661 contra
936 593 1056 693 legum
1073 618 1126 665 re·

167 697 300 794 quisita
325 711 545 786 contractas,
578 720 652 771 uon
688 700 803 772 nullas
828 728 904 776 esse
931 706 1008 802 ipso
1028 705 1131 801 jure,

163 804 228 878 sed
245 823 330 880 tnnc
334 804 504 896 demum,
521 800 669 911 quando
687 801 1016 888 nuiiaedecloratae
1031 833 1131 910 sunt,
1171 864 1173 870 ·

161 919 302 1017 quoda
328 914 685 1021 Jttdicefierrdebet
709 908 785 998 Ait.
804 928 868 1027 59,
886 935 939 1000 ut
968 906 1031 1000 iV
1052 930 1131 1001 Ne-

161 1057 260 1104 cesse
285 1034 381 1105 enim
403 1046 480 1121 e'st,
494 1049 534 1107 nt
564 1036 631 1135 lep'
600 1035 720 1135 guimii
749 1053 909 1126 constet,
934 1042 1127 1114 [1111111110-

162 1143 265 1215 nium
285 1164 411 1221 revera
432 1163 560 1220 eontra
580 1098 729 1246 aliquod
754 1149 841 1249 legis
867 1152 1133 1262 praescriptum

163 1281 239 1330 esse
249 1268 497 1346 contractum
512 1276 547 1333 et
559 1262 637 1332 hoc
644 1262 755 1359 judici
769 1279 822 1334 est
838 1250 1128 1362 dijudicandum
1120 1322 1130 1353 ,

160 1383 348 1468 praeterea
363 1396 439 1442 non
452 1375 534 1444 rato
548 1371 714 1444 accidere
731 1389 867 1474 potest,
887 1390 926 1448 111
942 1376 999 1448 vel
1014 1378 1137 1475 ambo=

158 1479 350 1581 conjuges,
371 1483 430 1554 vel
449 1483 667 1556 alteruter
635 1511 764 1557 eorum
782 1486 817 1556 in
837 1486 937 1559 bona
956 1484 1030 1559 fide
1048 1468 1129 1562 iue-

157 1596 220 1681 rit,
243 1622 326 1669 eum
345 1597 623 1671 contraheretur
639 1600 934 1688 matrimonium,
947 1628 1021 1701 quo
1040 1628 1138 1712 casu⁸

157 1707 256 1782 recte
271 1697 330 1782 lex
349 1713 484 1799 statuit,
504 1713 792 1803 matrimonium,
813 1715 933 1788 donec
947 1716 1126 1789 sententia

156 1819 285 1920 judicis
297 1824 438 1894 nullum
448 1821 669 1910 declaretur
686 1850 814 1896 omnes
831 1820 978 1899 effectus
994 1822 1124 1899 civiles

157 1932 378 2035 producere,
398 1948 473 2006 tam
491 1935 632 2007 ratione
659 1934 885 2034 conjugum(
905 1961 980 2016 non
1002 1952 1124 2009 tamen

162 2045 316 2146 ejusqui
336 2046 424 2120 doio
443 2047 540 2119 malo
560 2047 648 2146 egit,
671 2049 709 2120 in
731 2062 841 2137 oasu',
863 2061 939 2149 quo
956 2047 1129 2122 alteruter

157 2171 297 2232 tantum
316 2161 354 2230 in
373 2159 471 2232 hona
490 2158 561 2233 fide
582 2172 740 2234 versatus
757 2159 867 2234 fuerit
881 2178 912 2253 1,
937 2162 1047 2260 quarn
1062 2168 1126 2230 ra·-

162 2274 262 2346 tione
281 2271 484 2346 liberorum
509 2300 554 2347 ex
571 2274 642 2347 hoc
658 2274 891 2347 matrimonio
910 2268 1127 2373 111011111ΐό-

160 2402 252 2459 rum.
271 2389 350 2461 Viri.
372 2400 446 2459 art.
465 2389 530 2482 69;
550 2411 641 2484 seqq.
663 2386 804 2456 Durum
822 2382 1078 2472 enimiuisse'i,
1100 2389 1128 2457 si

159 2499 242 2598 quis
261 2524 280 2571 e
298 2496 385 2570 dolo
408 2497 553 2571 alterius
573 2496 832 2570 detrimentum
846 2504 979 2594 capere
994 2512 1127 2603 posset,
1158 2504 1160 2515 '

159 2626 195 2684 et
213 2610 301 2682 h'aec
318 2611 432 2683 etiam
449 2634 556 2682 causa
571 2607 658 2697 fuit,
675 2622 740 2682 cut
755 2600 977 2717 legislatores
995 2595 1131 2704 Belgici

158 2738 374 2809 statuerent,
391 2723 472 2820 jura
486 2738 615 2794 eorum
628 2723 715 2821 ,qui
732 2720 831 2793 bona
849 2704 920 2792 fide
940 2729 1023 2789 cum
1038 2744 1130 2790 con-

161 2830 306 2934 jugibus
335 2840 612 2921 contraxerunt,
649 2835 746 2908 salva
780 2846 950 2918 manere,
990 2832 1128 2904 etiamsi

157 2950 428 3022 matrimonium
444 2948 583 3021 nuilum
601 2942 644 3022 sii
659 2939 893 3021 declaratum.
911 2948 991 3021 Art.
1017 2964 1073 3045 72‘.
1110 2959 1113 2963 ’

205 3077 228 3147 J
230 3102 288 3148 am
314 3074 511 3160 videamus,
531 3075 751 3172 quibusnam
768 3073 911 3146 casibus
930 3074 1128 3144 matrimo.-.

158 3193 261 3263 nium
291 3191 433 3262 nullum
460 3189 638 3262 declarari
666 3188 795 3285 possit,
825 3203 860 3258 et
892 3186 1043 3286 quinam
1072 3186 1129 3286 jus

157 3307 315 3379 habeant
331 3302 478 3405 petendi
498 3359 506 3390 ,
526 3319 565 3376 nt
577 3302 721 3375 nullum
737 3299 958 3374 declaretur.-

204 3439 323 3536 Atque‘
338 3435 410 3507 hoc
421 3434 570 3533 quidem
584 3429 640 3532 jus
656 3432 923 3533 nonnunquam
936 3426 1120 3536 omnib'i'is,
1217 3477 1220 3481 -

157 3576 316 3650 quorum
357 3549 532 3635 interest,
579 3547 688 3646 atque
728 3540 963 3616 Procuratori
997 3540 1121 3640 Regis,

156 3687 422 3765 nonnunquam
443 3659 554 3733 certis
568 3673 710 3751 tantum
730 3656 895 3757 personis
914 3655 1100 3753 competit.
1140 3702 1143 3708 -

209 3794 344 3864 Prioris
376 3789 521 3890 generis
541 3814 646 3862 casus
665 3790 771 3862 sunt':

211 3930 254 3987 [θ’.
281 3918 316 3990 Si
333 3938 470 3991 novum
499 3917 772 3990 matrimonium
800 3923 1029 3984 contractum
1057 3910 1122 3997 sit,

154 4031 269 4135 priori
287 4028 454 4114 noudum
477 4028 678 4140 dissoluto,¹
697 4051 772 4129 quo
794 4040 880 4099 casu
901 4048 1008 4128 agere
1033 4048 1122 4122 pos-
