2596 4724
600 357 727 455 (97)

171 479 272 561 ferre
286 482 476 559 debuerat.
499 485 581 558 Art.
598 511 656 584 72.
671 488 807 561 <Omnia
827 503 970 578 autem,
986 516 1069 590 quae
1088 491 1136 566 de

170 600 304 673 marito
322 616 357 673 et
370 623 483 672 uxore
496 599 565 673 bac
582 600 620 671 in
633 606 784 675 sectione
794 599 892 674 dicta
906 617 1011 691 sunt,
1027 600 1141 678 etiam'

170 709 219 782 ad
245 736 376 786 eorum
403 710 558 785 heredes
588 715 790 812 pertinent,
811 716 875 815 qui
905 715 1032 790 eadem
1056 716 1138 816 jura

170 833 364 920 exercent,
392 828 593 930 iisdemque
623 830 829 905 actionibus
854 844 938 904 sunt
959 827 1136 930 subjecti,

171 954 213 1015 ac
223 945 370 1044 conjux,
381 971 496 1045 quem
509 961 797 1046 repraesentant.
811 949 892 1020 Art.
903 933 1138 1045 73.Ceterum

170 1079 299 1133 omues
311 1057 380 1134 hae
394 1058 649 1162 dispositiones
662 1075 736 1132 tam
746 1074 834 1133 'sunt
847 1059 983 1147 clarae,
996 1086 1138 1134 earum·

160 1186 242 1268 ‘que
260 1174 421 1272 aequitas
433 1188 509 1244 tam
522 1172 713 1245 manifeste
730 1185 900 1270 apparet,
917 1185 958 1247 u't
970 1171 1137 1245 ulteriori

167 1283 410 1382 explicatione
429 1308 506 1354 non
525 1281 689 1382 indigere
699 1280 904 1356 videantur.

503 1501 508 1506 “
553 1517 673 1567 sacrm
699 1519 743 1567 1x.
797 1518 800 1523 ·

405 1701 450 1765 De
465 1689 622 1785 effertibni
642 1705 889 1765 renunciationis.

211 1894 336 1983 Uxor,
355 1920 451 1993 quae
473 1893 726 1965 communioni
745 1893 996 1983 renunciavit,
1021 1919 1133 1967 omne

163 2004 220 2109 jus
240 2013 278 2080 in
296 2009 375 2108 ejus
396 2007 520 2094 bonis,
542 2008 651 2081 etiani
665 2007 702 2079 in
724 2006 921 2082 mobilibus
940 2037 1023 2107 quae
1038 2024 1138 2088 attu-.

162 2122 215 2209 lit,
233 2123 372 2195 amittit.
387 2122 468 2196 Art.
485 2123 542 2221 74.
564 2121 704 2220 Recipit
718 2127 861 2193 tantum
876 2112 988 2196 lintea
1007 2139 1043 2198 et
1057 2148 1137 2197 ves-

162 2237 329 2326 timenta,
353 2261 448 2335 quae
480 2236 559 2308 usui
591 2240 658 2308 s'uo
690 2235 910 2327 inserviunt,
935 2239 970 2311 d.
997 2254 1063 2311 art.
1094 2251 1131 2311 et

136 2379 139 2384 ·
161 2363 353 2448 praeterea
370 2348 429 2445 jus
442 2343 837 2442 lrabet'recuperandi:
906 2368 910 2383 ·
952 2360 955 2367 “

214 2509 258 2563 1⁰.
285 2489 494 2563 Immobilia
510 2515 574 2563 sue
589 2488 756 2589 propria,¹
771 2488 801 2560 si
820 2503 1046 2581 exstant,aut
1062 2494 1130 2565 im-

162 2606 338 2694 mobilia,
373 2631 470 2706 quae
504 2606 542 2676 iu
578 2629 710 2678 eorum
741 2603 868 2678 locum
899 2621 985 2680 sunt
1017 2623 1126 2682 emta.

161 2723 242 2794 Art.
260 2723 375 2820 75,n⁰
396 2747 425 2795 1.
499 2806 502 2811 Α

185 2881 258 2950 ,a⁰.
283 2865 447 2940 Pretium
461 2873 585 2938 reru‘m
600 2863 847 2939 immobilium
866 2858 1104 2945 alienitaru'm
1119 2930 1130 2962 ,
1214 2924 1215 2928 =

157 2976 188 3051 si
204 2977 294 3052 aliae
312 3002 390 3051 non
404 2967 602 3078 acquisitae
621 2977 760 3051 suntin
776 2963 903 3051 earum
917 2979 1058 3071 locum,
1070 2983 1141 3056 vel

158 3092 189 3166 si
216 3092 413 3194 acquisitae
438 3089 591 3191 quidem
622 3105 724 3178 sunt,
749 3089 814 3162 sed
841 3090 888 3160 ab
911 3118 1026 3165 uxore
1051 3092 1131 3167 non

159 3220 379 3304 acceptatae.
405 3205 440 3278 d.
466 3218 535 3278 art.
570 3218 611 3276 n⁰
638 3229 677 3291 2,
710 3203 807 3301 conf.
840 3221 906 3276 ort.
940 3207 987 3280 30
1017 3205 1127 3307 injus

155 3323 209 3391 tir.
234 3320 300 3394 VI.

207 3466 255 3539 3⁰.
283 3463 416 3536 Omnia
432 3487 491 3551 ea,
512 3488 607 3561 quae
626 3463 695 3562 ipsi
714 3460 959 3537 indemnitatis
982 3489 1128 3539 causan

158 3579 423 3654 communione
442 3576 634 3651 debentur.
654 3579 689 3668 ιζ.
707 3595 774 3652 un.
789 3581 857 3679 75,
874 3597 913 3654 n⁰
929 3582 963 3653 3.

156 3753 160 3762 ·
205 3725 376 3801 Vicissim
408 3730 515 3818 uxor,
544 3749 640 3824 quae
676 3723 925 3812 renunciavit,
954 3738 1030 3797 tam
1062 3752 1126 3800 ra-

157 3838 260 3913 tione
280 3840 417 3930 mariti,
435 3866 545 3939 quam
562 3837 801 3928 creditorum,
823 3835 930 3937 plana
949 3835 1126 3912 liberatur

148 3951 396 4054 obligatione,
414 3953 544 4027 debitis
569 3951 838 4026 communionis
852 3950 1125 4043 contribuendi;
1154 4046 1157 4052 ¹

157 4069 237 4141 An.
254 4067 312 4166 76.
336 4066 411 4157 nisi
425 4079 549 4142 tamen
572 4089 612 4143 se
640 4063 868 4166 conjunctim
885 4061 973 4140 cum
994 4065 1127 4142 marito
1148 4079 1150 4084 ’
