2596 4724
645 346 660 439 (
691 349 796 438 112)

279 466 328 560 4⁰.
344 470 452 560 Quod
466 469 494 544 si
513 469 665 572 conjux,
683 474 746 573 qui
767 469 965 546 divortium
984 470 1201 571 impetravit,

153 665 157 672 ,
230 605 308 657 non
322 585 456 660 habeat
474 586 612 660 reditus
631 590 849 661 ‘sufficientes
865 586 911 660 ad
933 588 1044 662 vitam
1065 600 1201 658 susten·

229 697 396 788 tendam,
412 701 571 773 tribunal
595 701 662 801 ipsi
686 729 731 775 ex
754 701 863 775 bonis
883 701 1029 773 alterius
1048 712 1202 801 praesta-

235 815 374 887 tionem
394 815 652 889 alimentorum
672 816 879 889 concedere
901 828 1029 916 potest.
1048 817 1123 886 Art.
1145 813 1202 884 23.

218 928 330 1000 ·Haec
345 928 516 998 alimenta
532 927 741 1002 definienda
756 945 840 1003 sunt
852 927 1055 1002 seeundum
1071 940 1204 999 statum

228 1064 269 1111 ac
289 1039 476 1111 fortunam
499 1039 612 1130 illius,
633 1043 697 1140 qui
720 1069 762 1114 ea
783 1043 926 1117 solvere
943 1042 1072 1128 debet3
1094 1067 1205 1115 com-

226 1150 342 1221 minui
363 1164 539 1250 possunt,
555 1151 706 1251 quando
723 1149 837 1250 hujus
859 1149 1006 1225 fortuna
1022 1153 1205 1250 insignem

200 1356 202 1360 v
226 1263 506 1337 diminutionem
528 1286 630 1366 passa
645 1278 714 1353 est3
728 1265 803 1338 Art.
824 1266 880 1357 24.
904 1280 1019 1338 cessat
1038 1263 1202 1363 denique

225 1376 315 1451 haee
337 1378 596 1453 alimentorum
619 1378 822 1478 praestatio,
851 1380 1002 1479 quando
1029 1378 1109 1468 ille,
1143 1379 1202 1453 cui

226 1488 397 1577 debetur,
419 1519 494 1563 non
510 1490 662 1591 amplius
682 1490 725 1564 eal
742 1491 896 1591 indiget;
917 1491 951 1562 d.
971 1506 1038 1562 ort.
1062 1491 1119 1581 24.
1141 1489 1202 1562 vel

224 1602 375 1701 quando
404 1622 545 1676 mortua
570 1618 623 1675 est
648 1605 821 1674 alterutra
838 1605 1007 1700 partium.
1032 1603 1110 1674 Art.
1140 1602 1199 1676 25.

224 1714 308 1784 Non
326 1729 448 1785 autem
470 1713 669 1785 divortium
692 1710 903 1784 facultatem
927 1713 1057 1804 tribuit
1080 1715 1202 1785 statim

225 1826 306 1928 jura
326 1827 542 1914 exercendi,
562 1827 621 1900 vel
637 1827 740 1900 lucra
755 1825 979 1926 postulandi,
1000 1823 1046 1898 de
1066 1826 1201 1926 quibus

189 2036 191 2041 ,
225 1939 400 2042 conjuges
423 1955 678 2030 convenerunt
699 1937 736 2013 in
757 1967 864 2032 casu,
885 1966 959 2042 quo
983 1939 1199 2014 alteralteri

185 2147 189 2156 ¹
225 2048 481 2154 supervixerit}
507 2052 572 2126 sed
596 2054 657 2125 illa
680 2055 857 2155 partium,
889 2079 971 2154 quae
992 2052 1199 2131 'divortium

226 2169 449 2266 impetravit,
467 2168 557 2246 haec
576 2167 655 2265 jura
673 2169 823 2253 demum
840 2184 923 2268 post
939 2185 1097 2241 mortem
1114 2169 1199 2244 alte·

222 2280 298 2351 rius
315 2305 488 2352 exercere
502 2294 634 2380 potest.
648 2281 725 2354 Art.
747 2308 804 2354 22.

250 2429 483 2505 ‚Posterioris
501 2415 645 2525 generis
661 2425 811 2500 effectus
830 2427 993 2517 divortii,
1011 2430 1074 2529 qui
1096 2430 1197 2504 scitia

223 2556 280 2635 cet
293 2541 431 2614 liberos
451 2555 633 2640 spectant,
650 2539 686 2613 hi
706 2554 805 2612 sunt:
820 2580 823 2592 ·

276 2689 318 2745 ιο.
345 2672 470 2754 Liberi
488 2672 768 2745 committuntur
787 2670 953 2745 universe
973 2698 1071 2744 curae
1098 2699 1193 2746 cou-

219 2786 328 2884 jugis,
359 2786 421 2882 qui
452 2784 650 2857 divortium
672 2786 896 2884 impetravit;
934 2800 1095 2860 attamen
1122 2790 1195 2860 tri-

218 2898 351 2979 bunal,
380 2900 593 2990 requirente
613 2899 859 2969 Procuratore
888 2899 1013 2996 Regis,
1039 2901 1114 2973 sive
1133 2901 1193 2975 hic

218 3023 298 3109 agat
312 3006 346 3078 vi
365 3007 527 3117 muneris
546 3009 623 3093 sui,
642 3007 717 3108 sive
736 3033 812 3081 tino
832 3008 1045 3110 pluribusve
1058 3040 1195 3114 cogna·
1236 3090 1240 3097 ι

217 3127 283 3212 tis,
302 3151 417 3224 usque
433 3122 480 3194 ad
495 3137 667 3223 quartum
682 3122 837 3223 gradum
851 3125 1051 3215 melusum,
1069 3141 1195 3226 peten-

216 3238 329 3323 tibus,
363 3234 409 3306 ad
443 3235 630 3333 peculiare
663 3234 953 3310 emolumentum
985 3235 1193 3336 liberorum

184 3379 188 3386 ·
216 3349 346 3450 jubere
358 3361 494 3451 potest,
512 3363 551 3420 ut
568 3372 697 3420 omnes
711 3347 768 3420 vel
782 3347 934 3447 quidam
947 3374 1077 3423 eorum
1090 3377 1191 3424 com·
1222 3449 1224 3453 .

216 3464 405 3536 mittantur
429 3483 527 3532 curae
547 3459 620 3532 sive
642 3457 824 3559 conjugis,
852 3476 1107 3562 contraquam
1127 3462 1189 3534 di-

215 3576 375 3649 vortium
395 3587 448 3645 est
466 3573 767 3673 pronunciatum,
786 3572 859 3644 sive
878 3574 992 3646 tertiae
1010 3599 1189 3674 personae.

216 3691 292 3762 Art.
316 3713 372 3786 27.
404 3684 574 3757 Similiter
591 3683 769 3772 tribunal,
788 3685 818 3757 si
837 3701 1003 3776 mortuus
1020 3699 1074 3758 est
1099 3686 1188 3779 ille,

164 3890 167 3897 Α
217 3801 322 3903 cujus
341 3828 438 3873 curae
453 3799 558 3874 liberi
575 3812 681 3871 erant
700 3800 902 3889 commissi,⁴
920 3801 1026 3873 aliam
1051 3827 1186 3902 perso-

215 3939 302 3987 nam
316 3909 505 4014 designare
526 3927 654 4013 potest.
668 3915 709 3985 d.
730 3929 797 3986 art.
823 3940 880 4012 27.

168 4076 174 4084 κ
268 4062 320 4115 2⁰:
338 4043 535 4117 Dissolutio
548 4042 771 4117 matrimonii
790 4067 856 4141 per
874 4038 1072 4117 divortium
1090 4041 1184 4120 libe·
1223 4107 1225 4111 ,
