2596 4724
644 407 776 503 (52)

216 538 399 615 hereditas
433 535 594 613 obvenit.
627 538 707 610 Art.
749 561 802 608 11.
839 532 1041 610 Deficiente
1075 552 1196 609 autern

216 654 442 742 inventario,
491 667 528 726 et
575 648 876 752 quandocunque
923 648 983 723 hic
1031 647 1195 723 defectus

108 822 112 827 -
187 811 202 830 .·
217 768 326 841 uxori
346 767 522 840 damnum
552 764 678 852 allent,
704 761 784 835 haec
796 760 921 862 ejusve
940 761 1096 837 heredes
1114 777 1198 866 post

133 882 141 976 '¹
217 877 433 953 dissolutam
470 874 775 960 communionem
811 900 920 974 agere
959 892 1113 976 possunt
1151 877 1198 946 ad

217 990 397 1062 damnum
425 985 727 1074 resarciendum,
763 986 842 1059 imo
876 1012 966 1060 vero
1008 1014 1096 1060 cum
1130 1015 1199 1089 per

218 1102 343 1175 titulos
369 1101 585 1201 chartasque
610 1099 845 1189 domesticas,
868 1112 949 1173 tum
979 1125 1046 1202 per
1071 1114 1197 1186 testes,

219 1243 277 1306 ac,
295 1217 324 1290 si
337 1242 430 1318 opus
447 1230 511 1306 est,
526 1215 635 1289 etiam
643 1240 956 1315 percommunem
970 1213 1102 1286 famam
1110 1239 1202 1314 pro-

219 1329 315 1405 bare
330 1345 507 1433 possunt,
534 1330 572 1401 in
588 1328 811 1429 quibusnam
833 1328 945 1401 rebus
969 1326 1210 1401 constiterint

187 1483 190 1488 ·
219 1444 337 1533 bona,
352 1470 514 1543 quorum
528 1442 773 1516 inventarium
801 1468 879 1515 non
906 1458 960 1515 est
987 1440 1141 1528 factum,
1163 1455 1204 1514 et

183 1556 185 1560 ⁴
218 1559 373 1660 quinam
391 1556 502 1631 fuerit
517 1583 648 1629 eorum
663 1556 779 1654 valor.
796 1559 877 1629 Art.
903 1582 957 1630 12.
983 1557 1038 1628 Ea
1059 1571 1201 1646 tamen,

119 1697 123 1705 ·
220 1695 304 1770 quae
345 1668 393 1741 de
435 1669 667 1743 successione
703 1668 836 1767 partim
870 1665 1024 1756 mobili,
1067 1670 1202 1767 partim

219 1779 402 1854 immobili
416 1777 590 1867 diximus,
607 1807 687 1854 non
706 1779 972 1883 impedimento
986 1795 1091 1870 sunt,
1108 1808 1202 1881 quo·

218 1894 427 1970 minushoc
446 1919 533 1969 casu
548 1893 754 1969 creditores
774 1891 830 1995 jus
850 1921 956 1968 suum
974 1921 1203 1995 persequan-

219 2023 300 2094 tur,
318 2006 357 2077 in
367 2006 470 2079 bona
489 2007 782 2093 communionis,
799 2007 874 2079 sive
893 2008 1077 2082 successio
1106 2034 1203 2082 con·
1270 2054 1274 2063 ·

219 2120 342 2218 tigerit
377 2119 534 2206 marito,
581 2119 656 2190 sive
700 2120 836 2205 uxori,
878 2118 1083 2195 dummodo
1124 2125 1202 2196 hacc

221 2255 406 2304 consensu
429 2227 551 2304 mariti
576 2228 666 2306 ¹eam
698 2231 873 2322 adiverit,
910 2236 1088 2335 omnique
1115 2264 1204 2311 casu

222 2344 315 2442 alter
333 2344 470 2447 conjux
484 2343 607 2446 ejusve
627 2347 783 2423 heredes
799 2343 990 2425 indemnes
1008 2367 1208 2452 praesen-⁸

218 2471 290 2532 tur.
459 2481 461 2486 '

275 2605 382 2681 Idem
412 2633 565 2709 quoque
600 2609 723 2684 locum
764 2611 893 2703 habet,
925 2612 1077 2715 quando
1110 2639 1204 2688 uxor

224 2718 467 2793 hereditatem
482 2723 1004 2824 auctoritatejudicissadierit,
1019 2741 1056 2798 et
1065 2726 1206 2818 nihilo·

222 2827 345 2899 minus
382 2855 443 2901 res
474 2833 633 2905 mobiles
669 2861 756 2908 cum
786 2839 898 2910 bonis
931 2841 1207 2914 communionis

224 2934 363 3011 fuerint
381 2939 616 3030 commixtae,
631 2943 710 3017 sinc
731 2943 938 3022 inventario
964 2964 1071 3024 antea
1092 2952 1204 3027 facto.

225 3051 307 3128 Art.
337 3052 392 3126 13.
419 3051 524 3127 Ratio
540 3069 615 3144 est,
643 3057 831 3156 quoniam
852 3059 925 3137 hoc
948 3089 1036 3138 casu
1052 3067 1207 3142 maritus
1268 3120 1274 3139 t

226 3164 370 3237 ridetur
389 3168 626 3246 ratihabuisse
640 3171 851 3249 aditionem.

274 3313 432 3403 Quando
459 3330 581 3390 autem
605 3317 785 3420 ejusmodi
805 3324 989 3398 successio
1022 3324 1070 3398 ab
1089 3353 1206 3401 uxore

225 3429 442 3503 auctoritate
480 3431 637 3530 judicis,
678 3435 812 3509 marito
850 3464 1074 3512 consensum
1116 3439 1206 3514 darc

126 3637 130 3644 Ι
203 3616 205 3622 ,
225 3555 431 3631 recusante,
456 3544 551 3616 adita
572 3556 643 3634 est,
665 3562 701 3620 et
718 3546 926 3625 factumest
946 3540 1222 3646 inventarium,⁸

227 3650 428 3726 creditores
462 3654 507 3726 ad
529 3656 761 3731 ,solutionem
789 3660 1077 3761 impetrandam,
1113 3672 1209 3740 con-

225 3762 353 3834 venire
383 3789 461 3838 non
491 3781 661 3868 possunt,
694 3771 763 3844 nisi
782 3771 882 3847 bona
914 3773 1067 3847 mobilia
1094 3796 1206 3881 atque

227 3871 431 3948 immobilia
442 3880 696 3971 successionis,
712 3885 827 3984 iisque
838 3913 914 3958 non
928 3889 1206 3984 sufficientibus,

229 3985 366 4057 nudam
401 3995 666 4092 proprietatem
705 3998 920 4090 bonorum,
955 4030 1039 4104 quae
1079 4010 1206 4084 uxoris

230 4098 586 4200 pt'upr‘iasunt.Art.
612 4111 668 4205 rlp.
741 4179 745 4187 .
898 4119 901 4127 '
945 4134 947 4139 '
