2596 4724
233 496 241 505 μ
573 402 590 492 (
619 398 724 492 1035

161 527 172 558 ¹
210 520 406 603 Caeterum
435 525 585 602 confusa
609 542 691 599 sunt
724 524 938 613 admodum,
971 547 1054 624 quae
1087 523 1135 600 de

158 655 281 712 morte
295 640 389 712 civili
405 640 440 710 in
455 639 591 713 Codice
607 639 746 712 Gallico
767 639 1019 738 reperiuntur,
1032 637 1144 709 mul·-x

159 765 284 850 tueque
306 753 527 854 quaestiones
555 751 724 826 indecisae
753 765 924 837 manent;
946 777 1013 839 an,
1029 747 1133 822 verbi

161 866 290 964 gratia,
311 865 464 939 civiliter
478 867 612 938 mortni
632 890 833 939 consensus
858 865 1065 962 requiratur
1087 860 1135 934 ad

160 972 304 1079 nuptias
319 980 521 1054 liberorum
536 982 551 1053 ἲ
569 1006 616 1056 an
639 978 796 1052 civiliter
816 992 981 1051 mortuus
997 977 1135 1050 liberos

162 1093 344 1167 naturales
371 1119 569 1194 agnoscere
598 1091 740 1191 possit?
762 1118 853 1162 num
887 1092 1025 1162 amittat
1065 1117 1134 1187 pa-

161 1203 268 1275 triam
288 1204 529 1303 potestatem?
552 1203 619 1275 sub
642 1202 762 1302 judice
782 1204 825 1275 lis
842 1218 903 1274 est.
923 1202 1134 1301 Repetimus

160 1319 281 1417 igitur,
295 1345 402 1418 posse
418 1332 725 1416 tanquamveram
738 1313 827 1415 juris
838 1313 1135 1388 emendationem

158 1430 402 1518 considerari,
423 1444 583 1504 mortem
601 1429 770 1517 civilem,
800 1431 940 1530 quippe
966 1457 985 1500 a
1006 1443 1135 1501 natura

159 1557 269 1640 atque
286 1573 306 1616 a
327 1542 543 1617 cultioribus
562 1544 669 1642 hujus
688 1544 822 1618 saeculi
842 1543 1006 1617 moribus
1023 1543 1131 1644 plane

120 1752 121 1755 Ἴ
158 1653 434 1746 abhorrentem,
464 1683 485 1730 e
512 1655 651 1756 legibus
677 1657 811 1750 nostris
839 1681 916 1732 esse
937 1655 1130 1730 exclusam.

559 1885 679 1936 vSECTIO
699 1888 734 1933 n.

536 2086 582 2149 De
613 2087 753 2151 diuortio.

208 2294 308 2372 Alter
333 2293 464 2369 modus
492 2320 568 2394 quo
595 2295 872 2369 matrimonium
905 2295 1130 2391 dissolvitur,

161 2414 213 2480 est
233 2396 569 2510 diror·tium,quod
593 2421 716 2478 utrum
743 2403 1136 2485 admittendumfuerit
1200 2499 1202 2502 Ι
1244 2426 1249 2433 ’

158 2546 229 2594 nee
258 2547 328 2610 ne,
349 2519 504 2592 multum
531 2519 569 2591 in
600 2516 803 2592 Ordinibus
830 2519 1061 2620 generalibus
1082 2539 1137 2598 est
1233 2567 1238 2587 ι

158 2633 608 2735 disputatum.·Bationes,
632 2660 729 2735 quae
768 2635 814 2708 ab
845 2653 998 2738 utraque
1030 2640 1136 2739 parte

158 2748 281 2821 afferri
298 2748 434 2833 solent,
454 2747 560 2819 nimis
579 2730 821 2848 pertractatae
841 2764 940 2839 sunt,
961 2776 1073 2850 quam
1093 2768 1132 2826 ut

158 2858 228 2933 hoc
259 2859 344 2932 loco
378 2858 521 2958 lougius
555 2856 601 2932 de
636 2859 678 2931 iis
710 2857 939 2934 disseramus.
977 2864 1134 2939 Sufficiat

156 2975 266 3076 igitur
289 2973 457 3047 refellere
474 2975 691 3074 opinionem
718 3001 867 3067 eorum,
899 2978 964 3076 qui
984 2995 1133 3076 putant,

157 3086 1133 3187 divortium,quippecontrariumpraeceptisfamiliae
1222 3130 1225 3145 ν

157 3186 348 3299 cujusdam
376 3199 596 3298 Religiosae,
622 3224 827 3298 repugnare
863 3199 932 3299 legi
962 3199 1133 3300 publicae

152 3315 281 3416 patriae
298 3328 444 3399 nostrae,
462 3337 543 3410 quae
562 3337 691 3385 omncs
707 3313 824 3387 cultus
838 3313 952 3392 divini
973 3320 1130 3418 species,

157 3425 358 3526 aequaliter
377 3448 526 3523 prorsus
551 3425 713 3523 agnoscit
730 3439 841 3524 atque
872 3440 1005 3500 tuetur.
1031 3426 1131 3516 Vera

155 3539 308 3640 quidem
337 3552 431 3610 esset
456 3536 533 3611 h'aec
557 3537 699 3637 opinio,
720 3539 750 3610 si
769 3538 828 3612 lex
854 3538 1130 3620 matrimonium

157 3653 302 3726 dissolvi
331 3649 494 3752 juberet,
528 3649 593 3724 sed
629 3678 713 3725 cum
745 3652 942 3750 unicuique
979 3651 1130 3730 libertas

155 3769 386 3867 relinquatur
401 3766 598 3840 divortium
614 3768 774 3868 petendi,
793 3782 854 3839 aut
871 3791 949 3838 non
962 3768 1126 3869 petendi,

155 3879 229 3954 hoc
261 3897 515 3979 argumentum
542 3881 681 3953 admitti
710 3880 855 3981 nequit,
884 3892 921 3952 et
952 3881 1071 3953 verius
1107 3909 1128 3956 e

157 3995 343 4071 contrario
365 4011 491 4067 contra
511 3995 629 4095 legem
643 3990 830 4096 publicam
848 4009 1078 4095 peccaretur,
1096 3997 1128 4070 si

156 4107 247 4215 quid
264 4104 482 4193 infavorem
497 4108 649 4212 alicujus
660 4108 845 4214 religionis
860 4097 1128 4215 prohiberetur,
