2596 4724
640 367 771 466 (94)

214 519 339 570 rursus
351 523 420 598 pro
438 496 669 598 portionibus
680 496 823 573 tantum
839 495 1079 591 hereditariis,
1095 522 1188 594 prae·
1272 539 1273 543 ¹

212 625 307 686 stare
321 612 450 703 debet,
466 613 571 715 quod
585 613 653 716 ipsi
672 613 778 686 uxori
797 626 970 714 praestare
992 608 1187 699 debuisset,

213 727 241 797 si
261 746 445 828 superstes
473 727 730 805 communioni
756 726 1019 800 renunciasset.
1048 725 1114 797 Art
1129 725 1186 824 59.

210 835 316 911 Uxor
330 842 430 912 enim
447 841 504 941 jus
520 841 629 939 plane
653 839 837 915 diuiduum
857 839 904 911 ad
922 836 1076 912 heredes
1104 862 1189 908 suos

210 951 430 1040 transmisit,
448 967 484 1024 et
503 951 661 1049 quisque
674 949 781 1023 heres
799 965 944 1049 partam
961 974 1064 1022 suam
1082 948 1191 1019 bere·

201 1055 378 1131 ‘ditariam
406 1061 573 1161 accepit;
602 1085 725 1158 neque
756 1059 865 1160 igitur
883 1064 947 1157 jus
962 1058 1192 1131 accrescendi

143 1238 151 1248 .
210 1169 307 1247 inter
328 1172 531 1253 coheredes
556 1172 629 1260 hoc
644 1199 730 1245 casu
745 1172 871 1248 locum
890 1170 1027 1245 babere
1050 1184 1171 1268 potest
1179 1218 1194 1257 -,
1278 1195 1280 1201 ·

211 1283 282 1358 nisi
297 1287 380 1386 quis
400 1295 469 1386 isui
485 1288 608 1360 uxoris
629 1292 846 1362 successioni
859 1284 1140 1359 renunciaverit.

260 1434 433 1509 Ceterum
459 1435 731 1510 communionis
753 1433 883 1506 divisio
902 1431 1032 1504 iisdem
1056 1427 1193 1528 regulis

211 1558 266 1617 est
286 1546 476 1646 subjecta,
497 1573 539 1620 ac
557 1546 690 1620 divisio
704 1547 945 1620 successionis
964 1545 1059 1616 inter
1078 1542 1191 1615 cohe-

209 1657 327 1728 redes.
355 1661 433 1731 Art.
468 1659 527 1733 60.
558 1673 594 1730 et
628 1658 757 1731 ultimo
792 1658 903 1744 loco,
941 1672 1138 1755 autequam
1168 1685 1189 1727 a

210 1770 363 1843 materie
381 1769 428 1844 de
448 1770 628 1843 divisione
643 1769 916 1843 communionis
936 1755 1191 1853 discedamus,

211 1880 484 1956 observandum
501 1897 578 1971 est,
605 1884 732 1983 siquis
759 1882 958 1984 conjugum
974 1909 1031 1958 res
1050 1882 1189 1981 aliquas

211 1993 258 2068 ad
281 1997 585 2069 communionem
611 1996 854 2097 pertinentes,
883 1997 1103 2069 subtraxerit
1130 2010 1194 2066 aut

210 2107 383 2178 celaverit
403 2163 411 2193 ,
428 2107 532 2177 ilium
556 2105 724 2178 amittere
752 2108 980 2205 portionem,
1004 2132 1127 2207 quarn
1151 2107 1192 2174 in-

209 2216 271 2288 illa
290 2243 331 2287 re
352 2230 618 2289 consecuturus
639 2215 777 2290 fuisset.
791 2218 871 2290 Art.
897 2217 955 2288 61.
973 2216 1193 2288 Reverentia

210 2326 310 2398 enim
341 2327 580 2401 matrimonio
617 2325 742 2401 debita
771 2355 849 2403 non
869 2317 996 2415 ¹sinit,
1031 2328 1190 2428 graviori

208 2466 331 2542 poena
350 2442 445 2517 hanc
466 2443 801 2531 contrectationem
821 2443 956 2544 puniri.
1060 2464 1064 2468 ’
1195 2428 1197 2433 ’

259 2591 367 2665 Nunc
387 2587 593 2678 videamus,
608 2588 698 2690 qviid
717 2589 767 2666 de
783 2589 915 2683 debitis
929 2607 1013 2691 post
1031 2592 1189 2664 dissolu-

208 2719 286 2778 tam
313 2706 617 2779 communionem
637 2704 910 2795 observandum
933 2707 997 2794 sit,
1028 2720 1063 2779 et
1088 2732 1189 2806 qoo-

210 2816 324 2889 modo
353 2817 430 2889 baec
455 2819 551 2890 inter
576 2817 780 2917 conjuges,
808 2845 1013 2918 eorumque
1038 2817 1192 2893 heredes

210 2926 429 2999 dividantur.
461 2929 496 2997 Si
528 2929 636 3025 igitur
674 2931 849 3004 alteruter
881 2932 1081 3034 conjugum
1110 2948 1192 3034 post
1256 2976 1260 2983 ·

211 3037 364 3112 divisam
396 3038 699 3131 communionem
727 3040 890 3116 creditor
906 3045 1117 3144 ‚personalis
1149 3045 1193 3117 sit

209 3152 378 3238 alterius,
405 3152 518 3226 veluti
556 3153 707 3254 quando
740 3157 899 3256 pretium
938 3156 1043 3230 fundi
1072 3158 1192 3231 mariti

209 3264 420 3364 impensum
452 3268 498 3339 sit
533 3270 582 3340 ad
613 3269 788 3344 solvenda
821 3271 946 3345 debita
980 3275 1210 3374 personalia

156 3415 163 3427 ·
210 3378 347 3466 uxoris,
362 3395 424 3454 aut
442 3397 588 3471 contra,
608 3399 730 3484 potest
756 3384 939 3460 creditum
968 3386 1057 3459 ittud
1081 3413 1191 3486 repe·
1235 3404 1238 3410 “

211 3506 289 3567 tere
312 3521 332 3566 e
353 3511 455 3596 parte
480 3499 777 3596 communionis,
809 3525 894 3598 qnae
917 3497 1077 3572 debitori
1095 3523 1192 3583 con·
1257 3526 1279 3540 ··

211 3607 335 3706 tingit,
355 3607 473 3684 velex
490 3608 601 3683 bonis
621 3609 700 3710 ejus
716 3610 887 3712 propriis.
901 3613 983 3684 Art.
1003 3610 1063 3682 62.
1083 3609 1191 3682 Simi-
1223 3632 1224 3638 ’

210 3718 296 3793 liter
328 3741 483 3823 propter
518 3724 764 3814 donationes,
800 3750 891 3823 quas
930 3722 1022 3796 aiter
1053 3723 1192 3825 conjux

215 3834 319 3909 alteri
353 3835 503 3929 fecerit,
535 3839 726 3913 conveniri
760 3853 900 3936 tantum
936 3836 1057 3935 potest
1088 3865 1189 3945 pars,

194 3975 326 4046 rsiurim
354 3951 513 4027 donator
546 3954 585 4026 in
611 3953 872 4028 communione
893 3966 1019 4025 nactus
1048 3970 1126 4042 est,
1157 3971 1192 4029 et

211 4060 409 4160 bonaejus
427 4069 591 4166 propria.
620 4071 701 4141 Art.
718 4066 777 4141 63.
798 4064 931 4138 Debita
952 4083 1192 4163 autemcom·
