2596 4724
607 335 736 435 (72)

86 458 88 463 ⁴
187 457 359 536 dissolutd
385 463 665 549 communione,
694 456 901 563 repetendi;
928 460 958 532 si
990 463 1076 534 vend
1107 452 1157 534 ad

186 599 357 662 uxorem,
377 577 513 678 poterit
531 577 629 664 haec,
649 574 771 676 ejusve
794 572 964 663 heredes,
991 574 1064 645 sive
1092 576 1156 646 in·-

184 690 498 778 strumentis,·sive
515 717 582 790 per
598 704 722 776 testes,
736 690 809 760 sive
828 685 1155 787 etiampersamam

182 830 419 878 communem
441 804 619 902 probare,
640 803 792 903 quinam
813 803 949 874 horum
965 803 1154 876 bonorum

125 998 129 1007 ,
180 915 285 988 valor
302 914 422 986 fuerit.
448 918 527 988 Art.
546 916 605 988 23.
628 914 755 987 Minuta
775 929 829 987 est
849 916 962 987 sectio
983 917 1155 1015 quaedam

163 1029 360 1102 >Ordinum
375 1030 619 1132 generalium,
638 1031 867 1103 mentionem
881 1031 954 1103 hoc
970 1031 1057 1105 loco
1073 1057 1155 1105 esse

176 1137 312 1214 factam
330 1141 511 1215 heredum
534 1142 683 1230 uxoris,
703 1136 787 1216 cum
813 1145 1041 1213 econtrario
1061 1137 1157 1215 nihil
1181 1135 1184 1140 ⁵

178 1255 322 1330 dicatur
333 1256 383 1345 de,
398 1258 517 1331 mariti
535 1257 753 1344 heredibus;
775 1254 839 1329 sed
860 1255 994 1334 horum
1009 1256 1157 1347 mentio¹

175 1372 450 1472 planeinutilis
485 1387 522 1446 et
549 1375 778 1472 supervacua
803 1370 926 1457 foret;
957 1369 995 1440 in
1025 1367 1152 1444 medio

176 1486 276 1558 enim
288 1491 439 1561 articulo
457 1489 501 1560 23
516 1487 666 1560 maritus
682 1486 846 1584 privatur
860 1481 1034 1557 facultate
1050 1484 1152 1567 reci-,

172 1597 298 1697 piendi
322 1598 439 1686 bona,
462 1624 624 1697 quorum
659 1600 904 1671 inventarium
939 1625 1018 1670 non
1043 1599 1152 1700 fecit;¹

171 1713 272 1787 unde
288 1713 468 1814 sequitur,
480 1737 603 1814 neque
621 1711 898 1813 ipsiusheredes
918 1740 961 1786 ea
979 1713 1150 1814 recipere

169 1854 295 1929 posse,
327 1844 481 1931 propter
501 1828 692 1929 regulam:
724 1854 826 1902 nemo
856 1834 945 1923 plus
972 1831 1067 1927 juris
1101 1828 1154 1902 ad
1199 1899 1202 1905 .

171 1950 284 2016 alium
295 1947 490 2044 transferre
500 1959 633 2040 potest,
654 1970 763 2042 quam
777 1949 852 2038 ipse
865 1941 1024 2016 haberet.
1042 1948 1065 2014 l.
1088 1942 1144 2035 54.

155 2130 158 2135 .
165 2057 217 2157 ff
235 2061 279 2132 de
296 2061 386 2154 Reg.
405 2061 490 2130 Jur.
507 2056 617 2130 Sede
641 2059 827 2130 contrario
846 2057 885 2129 in
905 2056 1071 2155 ejusdem
1085 2084 1147 2128 ar-

167 2168 269 2239 ticuli
292 2167 365 2239 fine
388 2167 494 2239 uxori
515 2166 667 2239 facultas
690 2169 882 2257 tribuitur,
911 2197 993 2269 quae
1018 2169 1149 2247 forsan

168 2280 322 2380 intelligi
343 2296 465 2380 posset
495 2279 541 2353 ad
565 2280 682 2382 ipsam
702 2282 820 2355 solam
843 2282 1049 2383 pertinere,
1073 2284 1144 2360 nisi

85 2400 87 2406 '
168 2419 338 2494 expressa
354 2393 592 2496 dispositione
615 2410 789 2469 statutum
809 2410 918 2484 esset,
935 2421 1017 2468 eam
1032 2396 1144 2475 etiam

167 2503 215 2578 ad
235 2505 313 2605 ejus
342 2505 498 2581 heredes
517 2507 683 2582 transire.
714 2511 786 2583 Vid
805 2511 1061 2604 Responsiones
1094 2511 1146 2586 ad

166 2618 337 2698 observat.
357 2621 391 2692 d.
411 2635 478 2695 art.
500 2620 555 2694 23.
681 2680 684 2686 .

605 2819 707 2911 §.a

157 3021 161 3029 ⁸
259 3027 316 3101 De
329 3024 578 3101 donationibus
593 3031 687 3101 inter
698 3030 866 3127 conjuges
866 3030 1035 3128 futuros.

212 3240 334 3325 Tertia
348 3240 456 3342 hujus
470 3242 564 3316 tituli
581 3248 690 3317 sectio
704 3241 751 3316 de
771 3241 1031 3319 donationibus
1045 3244 1136 3345 agit,

162 3380 256 3456 quas
277 3354 453 3456 conjuges
480 3356 549 3429 sibi
578 3357 736 3429 invicem
767 3371 958 3431 contractu
981 3359 1137 3458 nuptiali

161 3468 284 3544 facere
300 3485 464 3570 possunt.
481 3469 560 3542 Hac
579 3471 626 3543 de
645 3497 686 3542 re
707 3496 773 3544 nos
789 3471 900 3544 etiam
915 3471 1022 3571 hujus
1037 3496 1135 3544 con-

160 3583 296 3656 tractds
312 3583 506 3665 occasione
522 3581 721 3655 videamus.

132 3737 135 3742 ’
198 3727 388 3819 ‘Quaelibet
410 3727 516 3827 igitur
533 3724 750 3801 donationes
766 3727 813 3801 ab
832 3728 947 3802 altero
969 3729 1129 3834 conjuge

67 3846 70 3851 ’
157 3840 284 3930 alteri,
299 3842 357 3914 vel
373 3842 420 3914 ab
442 3858 598 3940 utroque
623 3847 749 3916 mutud
766 3843 846 3916 fieri
866 3861 1017 3944 possunt
1039 3874 1130 3922 con·

156 3968 274 4030 tractu
293 3956 465 4056 nuptiali,
482 3957 578 4030 salva
598 3983 724 4028 earum
739 3958 955 4032 reductione
972 3960 1001 4031 si
1017 3970 1130 4036 exce-

154 4067 247 4144 dunt
260 4072 486 4170 portionem,
500 4070 546 4149 de
564 4097 640 4175 qua
657 4070 803 4173 disponi
822 4089 954 4174 potest.
969 4076 1052 4152 Art.
1067 4076 1126 4154 26,
