2596 4724
118 498 239 604 primo
256 507 295 579 in
313 510 509 610 pecuniam
525 525 773 602 numeratum,
789 513 923 590 dmnde'
936 515 972 584 in
986 513 1087 586 bom

99 618 290 713 ¹mobilis,
308 635 345 696 et
362 622 576 698 subsidiarii>
596 627 634 696 in
652 617 754 700 bona
767 621 969 701 immobilia
984 646 1091 698 com·

116 733 324 827 munionis;
343 763 420 838 quo
440 740 567 813 ultimo
586 735 675 814 casu
692 742 828 816 electio
844 740 1091 817 immobilium

116 846 240 935 uxori,
267 846 423 952 ejusque
452 851 651 927 heredibus
677 856 907 955 relinquitur.
926 858 1004 927 Arce
1030 853 1088 927 55.

117 960 249 1060 Neque
275 962 347 1039 hoc
372 966 522 1040 unicum
545 983 600 1042 est
623 970 878 1071 privilegium,
902 971 1005 1069 quod
1031 970 1091 1043 lex

72 1157 74 1160 Α
117 1077 240 1165 uxori,
261 1077 414 1183 ejusque
435 1082 634 1157 heredibus
655 1085 852 1171 concedit3
875 1111 966 1184 trxqor
991 1084 1092 1155 euim

117 1200 203 1263 ante
222 1193 396 1268 maritum
418 1221 464 1268 ex
488 1196 721 1298 universitate
745 1198 933 1271 bonorum
957 1197 1091 1299 praeci-
1152 1237 1162 1252 ·

119 1305 193 1402 pit,
216 1307 411 1416 quodjure
430 1309 500 1381 sibi
516 1311 704 1409 competit.
720 1314 795 1385 Art.
815 1313 872 1384 55.
890 1312 936 1384 Et
949 1326 1092 1410 praete-
1125 1301 1127 1309 ’

117 1440 183 1489 rea
205 1419 355 1494 maritus
376 1435 517 1496 tuntum
535 1422 636 1497 bona
654 1423 925 1497 communionis
951 1423 1019 1495 hac
1043 1421 1091 1494 de

117 1553 160 1602 re
176 1532 376 1606 convenire
397 1547 540 1634 potest;
562 1555 656 1608 uxor
675 1549 797 1608 autem
811 1534 964 1637 ejusque
979 1533 1093 1621 hersf

119 1638 200 1729 des,
223 1641 490 1719 sicommunio
515 1671 592 1731 nou
624 1648 768 1735 sufficit,
790 1649 899 1720 etiam
925 1647 962 1717 in
989 1646 1092 1720 bona

117 1754 255 1841 mariti,
283 1756 331 1826 ad
358 1757 681 1853 consequendum,
700 1759 803 1854 quod
822 1761 891 1831 sibi
913 1758 1089 1845 debetur,

116 1861 302 1959 jussuum
325 1865 497 1964 persequi
519 1880 683 1964 possunt.
710 1871 786 1939 Art.
807 1869 867 1942 56.
896 1871 1001 1941 Ratio
1023 1886 1093 1956 est,

120 1975 309 2076 quonism
330 1977 500 2066 maritus,
519 1979 583 2078 qui
606 1981 909 2055 communionem
924 1972 1096 2054 adminis-

118 2103 209 2178 trat,
230 2087 413 2165 imovero
430 2090 590 2166 alienare
613 2107 747 2194 potest,
763 2108 960 2195 propterea
976 2093 1095 2169 teneri

10 2191 12 2197 ’
120 2202 365 2292 debeldum,
382 2203 486 2306 quod
500 2207 618 2296 uxori,
630 2207 893 2285 communione
905 2207 1093 2298 dissoluta,

119 2321 308 2420 competit.
340 2323 513 2418 Respons.
540 2325 590 2394 ad
627 2325 760 2398 observ.
787 2329 823 2397 d.
855 2342 923 2397 ort.
951 2330 1095 2400 Usurae

120 2430 214 2528 ejus,
234 2431 340 2530 quod
367 2459 389 2506 a
412 2429 632 2532 conjugibus
651 2435 925 2522 communioni,
962 2437 1019 2510 vel
1047 2437 1094 2509 ab

111 2548 187 2649 ‚hac
207 2548 424 2651 conjugibus
439 2548 618 2641 debetur,
632 2551 712 2652 ipso
728 2551 810 2652 jure
827 2577 978 2626 currere
999 2552 1097 2624 inci·
1168 2620 1170 2626 2

104 2660 226 2762 *piunt
241 2660 348 2751 adie,
364 2662 667 2762 quocommunic
684 2679 737 2737 est
754 2662 939 2737 dissoluta.
950 2663 1095 2762 Art.57.

168 2821 372 2922 Postquam
385 2846 475 2896 vero
491 2822 649 2924 quisque
661 2821 861 2924 conjugum
884 2847 928 2896 ex
942 2822 1095 2918 uniuer-

119 2935 224 3010 sitate
238 2934 426 3010 bonorum
442 2936 644 3038 praecepit,
672 2934 775 3039 quod
794 2935 1097 3039 praecipiendum

119 3061 221 3136 erat,
248 3045 356 3138 illud,
376 3047 480 3148 quod
494 3064 678 3146 superest,
700 3047 843 3120 duabus
865 3047 1095 3146 portionibus
1223 3122 1227 3127 .

122 3157 336 3260 aequalibus
352 3159 449 3232 inter
467 3157 664 3260 conjuges,
681 3158 741 3234 vel
759 3160 902 3260 eosqui
920 3159 1097 3263 conjuges

120 3258 400 3375 repraesentant
417 3272 623 3376 ,dividitun
636 3274 716 3348 Art.
743 3269 801 3352 58.
825 3271 965 3368 Quodsi
988 3274 1116 3358 heres

122 3385 212 3459 dum
244 3383 304 3458 alii
335 3385 639 3460 communionem
660 3400 889 3487 -acceptant',
914 3385 976 3458 alii
1006 3410 1095 3458 vero

122 3498 244 3575 eidem
262 3498 500 3590 renunciant,
522 3498 595 3590 illi,
623 3499 687 3600 qui
705 3513 898 3603 acceptant
918 3522 996 3570 non
1014 3497 1096 3599 plus
1142 3527 1144 3531 ’
1219 3578 1222 3583 ,

120 3611 299 3714 consequi
314 3627 486 3714 possunt,
503 3639 617 3713 quam
634 3613 740 3715 quod
753 3612 796 3686 iis
821 3636 889 3712 pro
915 3609 1097 3713 portioni-

119 3728 190 3804 bus
211 3730 440 3807 hereditariis
465 3730 641 3831 competit
670 3730 709 3802 in
728 3727 855 3818 bouis,
874 3751 970 3827 quae
991 3729 1097 3803 uxori

121 3846 376 3945 contigissent,
397 3843 427 3919 si
435 3845 627 3946 {superstes
640 3841 943 3920 communionem
959 3868 1096 3943 accep,-
1211 3840 1229 3932 ’-

1162 4194 1246 4430 r

118 3971 256 4045 tasset;
295 3959 472 4060 quodque
502 3975 669 4061 superest
700 3956 833 4033 marito
868 3957 995 4049 cedit,
1030 3959 1095 4060 qui

122 4067 500 4172 reliquisheredibus„
513 4070 768 4152 communioni
781 4070 1094 4173 renunciantibus,
