2596 4724
176 267 234 362 aiij
434 237 443 251 κ
571 283 758 334 riurararro.v

177 394 306 466 marias
329 393 416 491 juris
439 392 655 492 quaestiones
675 385 869 460 Ordinibus
887 380 1129 484 generalibus?

177 525 215 593 in
242 524 421 597 concione
437 524 575 598 secreta
602 518 837 604 decidendas,
863 514 1133 609 submitterent,⁴

172 649 307 746 quique
339 647 540 720 secundum
565 647 627 717 has
654 622 869 730 decisiones}
901 656 1076 741 quatenus
1107 664 1129 707 a

171 776 267 870 Rege
283 773 529 870 comprobatae
549 783 683 856 essent,
707 793 829 842 novos.
842 768 964 840 titulos
984 762 1128 839 Codicis

169 901 281 973 civilis
317 901 540 1001 redigerent;
580 899 642 999 qui
677 899 770 970 tituli
807 899 938 970 iterum
974 924 995 966 a
1030 894 1127 990 Rege
1200 968 1204 975 ,

167 1027 406 1126 comprobati,
426 1043 609 1127 tamquam
620 1023 716 1125 leges
739 1036 912 1124 separatae
941 1019 1128 1092 Ordinum

167 1152 717 1253 generaliumdeliberationibus
730 1163 1033 1250 proponerentur.
1043 1142 1126 1216 Hoc

165 1299 288 1356 autem
315 1284 524 1384 collegium,
555 1280 865 1381 quemadmodum
891 1302 1017 1350 omnes
1040 1272 1126 1345 alias

164 1411 280 1508 leges,
308 1413 358 1482 sic
382 1413 490 1483 etiam
513 1411 580 1482 hos
602 1408 723 1478 titulos
758 1407 794 1475 in
819 1408 1029 1479 sectionibus
1055 1405 1127 1475 suis

165 1523 370 1593 examinare
389 1512 497 1604 solet,
525 1519 721 1617 atque⁷hac
742 1520 919 1592 sectiones
943 1519 1126 1592 ordinario

164 1673 249 1718 eum
278 1650 461 1737 Ministro,
494 1647 552 1720 cui
584 1647 672 1746 legis
708 1645 857 1745 alicujus
884 1646 1126 1721 defendenda

164 1802 250 1849 cura
278 1803 299 1845 a
330 1778 425 1876 Rege
454 1773 669 1848 demandata
696 1791 765 1863 est,
792 1775 838 1848 de
869 1779 1127 1853 mutationibus

163 1919 288 2001 agunt,
321 1930 410 2000 quas
439 1905 476 1972 in
504 1929 546 1974 ea
571 1903 650 2000 lege
670 1901 750 1974 fieri
780 1928 885 2000 posse
907 1892 1159 2005 existimant3'

163 2031 247 2101 hinc
277 2030 384 2126 igitur
411 2030 578 2102 oriuntur
600 2029 850 2104 observationes
875 2039 1065 2103 sectionum
1089 2047 1127 2133 et

164 2161 402 2250 responsiones
419 2158 594 2245 Ministri,
615 2156 748 2256 quibus
774 2181 859 2229 usus
879 2184 958 2230 sum
979 2159 1024 2230 ad
1052 2160 1125 2233 dis·

163 2286 385 2385 positionum
429 2287 659 2389 quarundam
699 2289 858 2362 rationes
900 2288 1122 2381 tradendas,

161 2440 324 2515 quasque
344 2415 434 2491 adel)
453 2415 549 2517 saepe
567 2418 696 2520 citavi..

208 2580 289 2650 Prae
309 2579 446 2648 caeteris
470 2582 572 2666 vero,
592 2579 692 2676 quod
719 2577 763 2648 ad
783 2577 995 2653 latinitatem
1014 2579 1121 2680 hujus

162 2705 365 2800 scriptionis
384 2702 529 2790 attinet,
550 2698 609 2777 me
635 2709 816 2782 lectorum
832 2710 1053 2810 indulgentia
1066 2711 1122 2780 in-

160 2829 283 2926 digere
293 2828 390 2899 hene
406 2825 496 2912 scio;
513 2851 598 2896 nam
610 2839 646 2898 et
659 2833 735 2924 ipse
748 2836 786 2895 in
799 2837 909 2896 latine
922 2838 1120 2906 scribendo

160 2980 290 3056 parum
302 2966 462 3026 versatus
479 2978 557 3026 sum
572 3010 580 3042 ‚
610 2968 646 3026 et
660 2953 698 3023 in
712 2952 796 3025 loeo
812 3010 821 3040 ,
835 2979 947 3052 quem
960 2962 1120 3051 tractavi,

56 3072 59 3077 ’
159 3081 273 3154 multa
303 3093 524 3167 occurrunt,
557 3105 640 3179 quae
678 3105 846 3152 sermone
873 3080 969 3155 bene
1005 3078 1119 3158 latino

158 3207 251 3282 trudi
268 3221 455 3305 nequeunt
470 3264 478 3296 ‚
507 3207 592 3306 quia
609 3233 747 3298 eorum
762 3209 912 3281 nomina
927 3225 1121 3313 tempore„

157 3358 232 3434 quo
246 3333 324 3406 haec
336 3331 459 3431 lingua
473 3333 606 3422 floruit,
627 3334 735 3434 plane
757 3336 939 3438 incognita
955 3339 1119 3442 fuerunt!

155 3689 312 3769 petierunt
329 3699 421 3771 atque
438 3691 657 3771 impetrarunt,
676 3700 711 3752 nt
725 3693 763 3752 ab
779 3691 839 3753 hoc
860 3691 965 3753 labore
979 3689 1116 3756 dimitte·
1180 3762 1184 3769 ,

155 3805 283 3871 rentur,
300 3800 331 3859 in
348 3822 520 3882 eorumque
535 3801 638 3862 locum
654 3802 837 3864 substitutus
851 3814 896 3863 est
910 3803 958 3891 vir
979 3807 1113 3868 consult.

155 3908 278 3975 Tammo
292 3909 449 3998 Syplrens‚
466 3912 622 3998 delegatus
639 3937 656 3981 e
671 3916 830 4000 provincia
846 3917 1018 4002 Groningae.
