2596 4724
571 353 597 448 (
625 352 692 424 106
715 350 740 446 )

216 477 323 550 Actio
352 476 497 552 divortii
526 478 665 554 intendi
699 506 773 552 non
804 493 924 581 potest
951 479 1019 551 uisi
1036 480 1138 576 apud

165 588 324 661 tribunal
356 592 534 666 domicilii
565 595 709 680 mariti3
738 595 818 666 Art.
853 620 883 663 a.
918 593 1017 665 salvo
1051 617 1136 664 casu

164 698 380 776 desertionis
413 704 615 793 malitiosae,
648 701 799 801 quando
840 694 1059 784 instituenda
1086 717 1140 774 est

165 835 291 884 coram
316 812 440 911 judice
468 815 586 916 ultimi
612 816 813 918 conjugum
833 814 1010 888 domicilii
1032 831 1167 919 com-J

165 929 294 998 munis.
311 928 390 998 Art.
409 928 441 998 6.
473 941 476 946 '

211 1089 367 1180 Quando
389 1090 496 1190 igitur
517 1088 689 1163 alteruter
708 1087 908 1190 conjugum
923 1091 968 1162 ad
988 1116 1140 1190 poenam

164 1204 461 1304 qualemcunque
477 1203 742 1277 condemnatus
763 1219 815 1277 cst
831 1205 1025 1292 sententia,
1040 1203 1139 1276 unde

164 1334 317 1406 constat,
335 1345 420 1391 eum
434 1317 652 1418 adulterium
668 1319 904 1408 commisisse,
919 1319 976 1390 vel
988 1316 1140 1418 quando

163 1432 208 1504 ad
228 1457 377 1532 poenam
405 1430 592 1503 infamiam
622 1434 846 1532 irrogantem
873 1432 1139 1523 condemnatus

59 1551 61 1555 ’
161 1561 225 1634 est,
243 1545 381 1631 sufficit,
406 1560 446 1614 ut
461 1543 657 1616 divortium
674 1545 909 1633 admittatur,
932 1545 1140 1644 exemplum

161 1661 360 1733 sententiae
377 1657 552 1742 exhiberi,
574 1655 695 1727 addita
710 1659 941 1755 probatione,
959 1686 1041 1730 eam
1054 1685 1140 1730 sen-

159 1771 312 1844 tentiam
345 1767 453 1852 ,nullo
491 1756 643 1868 amplius
681 1766 785 1867 legali
825 1767 990 1841 remedio
1030 1793 1156 1868 posse.

160 1883 354 1958 infirmati
372 1886 452 1956 Art.
478 1884 512 1954 5.
538 1880 596 1952 Sic
621 1880 743 1980 itaque
778 1880 877 1954 recte
908 1880 1049 1952 sublata
1083 1895 1138 1965 est

115 1995 118 1999 ’
161 1997 350 2097 dispositio
364 1995 453 2093 juris
468 1993 615 2079 Gallici,
638 2019 710 2090 qua
727 2017 820 2093 uror
837 2017 882 2064 eo
896 2006 1036 2065 tantum
1050 2017 1137 2064 casu

160 2125 313 2207 propter
350 2105 569 2176 adulterium
607 2104 725 2173 mariti
768 2102 966 2175 divortium
1006 2117 1133 2201 petere

159 2232 293 2320 potest,
317 2214 466 2314 qttando
485 2213 544 2285 bic
564 2212 811 2284 concubinam
827 2213 940 2284 habet
963 2215 1001 2283 in
1020 2214 1134 2286 domo

160 2332 361 2406 communi.
382 2329 525 2400 Verum
550 2327 701 2426 quidem
720 2340 797 2412 est,
816 2339 994 2423 quantum
1008 2327 1138 2398 attinet

160 2440 207 2519 ad
240 2447 389 2520 ellectus
416 2441 555 2527 civiles,
580 2440 913 2539 atqueutilitatem
932 2438 1135 2539 publicam,

160 2563 282 2636 uxoris
317 2549 537 2631 adulterium
573 2556 810 2655 gt·avius3esse
845 2580 955 2653 quam
988 2556 1136 2644 mariti,

161 2675 319 2772 ideoque
340 2669 476 2771 poenali
504 2669 583 2768 lege
603 2669 744 2768 gravius
765 2693 842 2740 esse
863 2665 1130 2772 coercendum

159 2785 239 2858 scd*
256 2783 379 2882 quoad
408 2807 528 2853 mores
560 2779 779 2852 adulterium
807 2781 995 2880 utriusque
1029 2805 1135 2879 oeque

158 2915 265 2994 turpe
285 2911 365 2980 est,
386 2921 509 3002 neque
535 2896 670 2965 minori
698 2893 830 2995 injuria
847 2898 999 2968 afficitur
1024 2923 1118 2970 uxor
1124 2967 1136 2998 ‚

92 3031 98 3041 ’
159 3008 339 3084 adulterio
368 3007 510 3098 mariti,
546 3031 659 3106 quam
688 3005 746 3079 bic
779 3007 916 3080 uxoris.
948 3011 1164 3097 Quoniam

158 3124 266 3222 igitur
290 3123 486 3194 divortium
514 3147 591 3194 non
619 3146 730 3220 poena
750 3134 802 3193 est
822 3118 929 3219 hujus
949 3125 1132 3216 criminis,

157 3225 461 3318 sedreritedium,
483 3261 556 3333 quo
574 3234 679 3306 laesus
698 3233 835 3334 conjux
849 3235 1024 3336 liberatur
1038 3237 1136 3313 obli·
1164 3268 1169 3277 ·

157 3350 306 3450 gationc
320 3346 456 3420 diutius
471 3347 873 3449 conjunctusmanendi
890 3343 976 3425 cum
995 3378 1052 3441 eo,
1070 3356 1136 3451 qui
1205 3422 1209 3434 ,

156 3479 232 3536 tam
252 3462 405 3562 turpiter
421 3460 531 3535 fidem
559 3461 682 3536 datam
707 3464 878 3557 violavit,
908 3467 1008 3540 nulla
1040 3461 1136 3543 ratio

157 3590 225 3664 est,
247 3601 313 3648 cur
327 3631 336 3663 ,
349 3572 456 3674 >quod
483 3572 529 3645 ad
545 3574 742 3648 divortium
763 3579 910 3662 attinet,
935 3565 1135 3654 discrimen

158 3687 255 3760 inter
274 3688 393 3759 virum
414 3704 449 3761 et
464 3714 616 3764 uxorem
638 3691 869 3780 observetur}
886 3706 922 3765 ct
937 3691 1036 3765 certe
1055 3721 1137 3769 non

160 3798 390 3871 admittenda
428 3798 573 3874 videtur
619 3797 802 3876 distinctio
843 3801 932 3902 juris
977 3804 1133 3898 Gallici;

156 3909 235 3981 steri
260 3908 360 3982 enim
378 3924 519 4009 potest,
547 3924 587 3982 ut
606 3935 697 3984 uxor
718 3912 840 4012 ignara
857 3912 908 4007 ‚sit
943 3913 1112 3989 adulterii
1123 3985 1133 4016 ‚

155 4020 255 4119 quod
291 4020 441 4096 maritus
475 4023 670 4098 committit
704 4024 742 4097 in
779 4023 892 4101 domo
931 4032 1142 4126 communi,
