2596 4724
505 354 524 450 '(
552 381 616 430 ior·
643 359 663 452 )

102 498 177 559 tros
195 482 317 556 mariti
339 482 448 555 etiam
466 500 619 583 propter
638 488 760 562 uxoris
778 504 936 591 mortem
952 489 1062 590 lugu·

103 598 186 672 bria
218 594 375 670 induunt
403 597 639 691 vestimenta,
662 600 822 702 ideoque
850 603 949 675 nulla
972 604 1065 675 ratio

100 711 227 784 adesse
241 710 314 783 visa
332 725 405 798 est,
423 736 489 784 cur
504 712 566 783 uni
585 714 834 805 concedatur,
849 717 951 816 quod
963 715 1066 788 alteri

98 840 264 923 negatur.
278 825 493 926 Confinatur
503 833 643 901 omnino
662 835 790 914 oratio,
811 857 916 930 quam
927 837 964 904 in
978 855 1067 905 oon-

100 944 200 1013 cione
214 941 389 1013 Ordinum
401 942 621 1037 generalium
633 944 690 1014 die
702 945 748 1017 28
760 949 850 1044 maji
870 951 958 1017 1822
969 971 1066 1044 ,pro-
1134 1039 1137 1043 .

98 1057 279 1125 nunciavit
297 1057 352 1127 uir
367 1056 520 1125 consult.
542 1051 706 1127 N1cona'1‘.

384 1245 540 1317 CAPUT
565 1246 783 1320 sEXTUM.

265 1439 333 1522 De
357 1437 612 1528 dissolutione
635 1445 891 1532 matrimonii.

142 1647 358 1723 Dissolvitur
376 1653 650 1728 matrimonium

148 1790 192 1844 1⁰.
219 1776 351 1846 Morte.

144 1913 193 1970 2⁰.
219 1899 397 1973 Divortio.
416 1900 494 1973 Art.
520 1926 557 1987 1,
578 1907 630 1973 tit.
652 1904 699 1974 X.

485 2116 624 2180 secato
657 2118 680 2164 1.

485 2287 534 2346 De
545 2303 652 2348 morte.

140 2462 316 2537 Naturali
340 2474 483 2534 tantum
516 2459 725 2544 alterutrius
758 2459 924 2562 conjugis
947 2481 1070 2545 morte.

95 2575 237 2650 tollitur
249 2575 883 2668 matrimonium;morsenimoivilis,
895 2579 947 2651 uti
958 2581 1067 2679 suprit

92 2692 268 2781 vidimus,
285 2693 420 2769 abolita
440 2707 505 2766 est.
521 2694 602 2765 Art.
623 2693 659 2786 i,
677 2697 735 2771 tit.
754 2693 785 2763 I.
808 2691 918 2794 Origo
939 2696 1068 2769 mortis

93 2807 210 2901 eivilis
230 2808 327 2910 apud
347 2807 532 2883 Romanos
551 2804 620 2881 fuit
638 2805 797 2879 maxima
816 2809 942 2910 capitis
960 2807 1069 2881 dimi-

91 2925 339 3016 nuti031norti
355 2913 455 2999 enirn
468 2921 550 3025 jure
566 2925 736 2998 Romano
753 2922 906 2998 servitus
922 2950 1067 3025 compa-

90 3036 248 3110 rabatur.
283 3041 365 3113 Vid.
392 3042 415 3111 l.
437 3040 505 3123 32,
522 3035 580 3136 ff.
609 3039 652 3110 de
666 3038 801 3108 ‘'donat.
823 3043 917 3108 inter
931 3043 1004 3108 ⁴uir.
1032 3054 1069 3111 et

90 3180 255 3228 uxorem.
281 3153 334 3226 Ac
361 3149 532 3252 profecto
558 3150 588 3222 si
611 3163 744 3220 statum
771 3147 1065 3239 consideramus,

90 3267 128 3338 in
154 3290 230 3365 quo
253 3265 325 3338 illis
351 3260 580 3365 temporibus
602 3261 696 3335 servi
720 3260 980 3351 versabantur,
1006 3260 1068 3335 di-

89 3375 251 3450 cendum
266 3390 336 3461 est,
354 3391 514 3450 mortem
527 3373 672 3462 civilem
691 3387 780 3457 tunc
799 3399 948 3447 morum
961 3400 1068 3472 aspe⁴

88 3490 185 3581 nitati
200 3487 357 3561 maxime
373 3487 590 3563 convenisse
606 3515 615 3575 ;
634 3513 719 3559 cum
733 3502 857 3561 autem
875 3511 973 3558 nunc
988 3512 1065 3559 ser·

88 3605 180 3680 vitus
195 3630 273 3678 non
288 3601 443 3702 amplius
458 3605 494 3673 in
512 3627 579 3674 usu
598 3601 660 3690 sit,
674 3627 796 3702 neque
819 3598 898 3699 ejus
915 3596 1066 3671 effectus

89 3719 226 3789 servari
247 3729 429 3818 oportent.
449 3715 581 3815 Rogari
600 3729 739 3816 potest,
759 3739 827 3786 cur
841 3726 967 3785 tamen
986 3709 1066 3810 jure

91 3829 235 3904 Gallico
259 3858 359 3909 mors
387 3830 500 3905 civilis
535 3828 729 3904 obtineat?
762 3824 1066 3927 Respondemus,
1157 3866 1160 3871 ·

92 3940 313 4040 antiquitus,
328 3971 414 4018 cum
442 3941 556 4015 Gallia
577 3943 713 4044 partim
735 3936 878 4038 legibus
897 3936 1064 4038 scriptis,

89 4057 227 4156 partim
243 4056 323 4156 jure
340 4057 665 4133 consuetudinario
684 4053 894 4154 regebatur,
918 4077 982 4127 eos
1003 4057 1066 4161 qui.
