2596 4724
215 480 393 584 nuptiales
409 496 551 555 mutare
581 481 747 582 partibus
781 476 912 566 liceat,
932 473 1071 553 idcireo
1095 475 1194 578 ipsas
1256 487 1260 496 '

218 599 363 672 censeri
400 598 440 671 in
462 594 775 674 conventionibus
798 594 901 670 factis
922 620 1193 696 perseverasse,

215 734 293 782 non
329 707 497 783 obstante
536 725 825 809 quantocunque
868 699 1061 781 intervallo
1101 707 1196 779 inter

207 837 446 923 'contractum
478 837 513 895 et
542 819 767 894 matrimonii
812 819 1124 907 celebrationem,
1153 843 1198 893 ac

215 948 405 1032 praetcrea
455 933 619 1031 pendere
660 961 682 1006 a
726 933 916 1031 voluntate
963 959 1049 1008 cum
1094 930 1199 1006 fatu-

214 1069 344 1117 rorum
374 1043 605 1144 conjugum,
638 1058 718 1117 tum
750 1044 911 1144 partium
955 1044 1200 1119 intervenien-

214 1146 307 1230 tium
340 1156 504 1258 stipulari
535 1158 801 1246 conditionem,
832 1163 977 1254 nuptias
1008 1162 1105 1231 intra
1124 1183 1201 1234 cer-

217 1285 295 1344 tum
336 1286 475 1367 tempus
519 1299 595 1348 esse
636 1271 882 1346 celebrandas
918 1272 997 1344 Vid.
1028 1271 1202 1367 Respons.

219 1385 269 1458 ad
286 1383 458 1460 observat.
478 1388 558 1462 Art.
586 1401 639 1460 ta.
653 1385 688 1457 Si
707 1412 795 1458 vero
814 1384 988 1458 alteruter
1003 1383 1214 1486 conjugum⁴
1282 1472 1287 1479 Ι

222 1495 377 1572 durante
393 1500 585 1574 intervallo
598 1558 607 1590 ,
619 1501 715 1573 inter
735 1514 883 1599 pactum
896 1501 1077 1600 nuptiale,
1092 1515 1203 1601 atque

219 1602 498 1684 matrimonium
515 1611 601 1683 alias
624 1613 847 1684 contraxerit
878 1601 1041 1710 nuptias,
1062 1639 1203 1686 secun-

223 1710 312 1824 dum
341 1738 507 1797 nostram
532 1723 766 1810 sententiam,
789 1723 932 1795 nullum
955 1723 1110 1796 dubium
1130 1739 1205 1812 est,

225 1835 316 1935 quin
336 1851 547 1917 contractus
582 1835 643 1910 ille
668 1834 839 1937 nuptialis
864 1835 1000 1909 nullius
1027 1837 1208 1923 momenti

224 1946 281 2052 sit.

281 2114 350 2169 10⁰.
377 2094 536 2187 Quando
554 2121 682 2168 rerum
700 2091 896 2168 mobilium
910 2120 930 2167 e
944 2095 1209 2169 communione

229 2207 476 2292 exclusarum,
492 2206 622 2305 inipso
640 2220 831 2280 contractu
845 2205 997 2305 nuptiali
1011 2204 1210 2306 descriptio

230 2347 307 2395 non
324 2320 501 2408 estfacta,
524 2347 604 2395 non
629 2319 832 2394 admittitur
855 2317 1045 2420 probatio,
1066 2347 1127 2396 eas
1150 2348 1211 2397 res
1278 2386 1280 2393 .

228 2434 279 2508 ab
296 2435 477 2510 alterutro
497 2434 699 2538 conjugum
714 2461 793 2509 esse
814 2433 957 2527 allatas,
973 2422 1054 2507 alia·
1079 2451 1212 2534 praeter

232 2578 328 2642 eam,
350 2578 434 2654 quae
460 2552 499 2626 fit
525 2578 597 2654 ope
623 2548 835 2636 inventarii,
860 2575 881 2621 a
916 2547 1070 2622 Notario
1098 2551 1213 2649 parti-

231 2666 376 2768 busque
411 2666 621 2767 subscripti,
656 2680 764 2765 atque
799 2661 931 2736 adnexi
969 2661 1213 2738 instrumento

234 2780 404 2879 originali
422 2796 649 2869 contractuS,
670 2780 774 2878 quod
803 2776 901 2877 apud
920 2775 1115 2850 Notarium
1143 2777 1214 2853 de-

233 2889 395 2990 positum
410 2905 554 2974 manet,
576 2897 737 2981 (minant
751 2914 826 2959 narr
839 2888 901 2958 het
913 2888 1216 2986 hiiweltjts-ton-

234 3002 367 3095 tralt'),
387 3002 482 3079 etin
509 3025 587 3102 quo
610 2997 718 3097 hujus
737 2997 793 3071 rei
821 3000 960 3071 mentio
981 2999 1062 3073 fieri
1089 3000 1213 3078 debet.

236 3117 319 3194 Art.
337 3147 372 3220 9.

562 3284 565 3292 .
689 3230 710 3325 ἓ
729 3255 763 3302 2.

237 3405 293 3480 De
328 3404 551 3506 quibusdam
571 3409 835 3480 ‘communionis
871 3405 1086 3502 speciebus,
1125 3433 1218 3507 quas

260 3520 401 3592 nomine
416 3521 576 3616 generali
589 3517 840 3592 contrahentes
848 3524 1004 3613 possunt
1014 3525 1191 3619 stipulari.

285 3710 412 3787 Altera
445 3711 552 3812 huj'ns
580 3711 673 3783 tituli
702 3713 817 3786 'sectio
853 3712 1110 3814 complectitur
1142 3727 1220 3787 tres

241 3828 380 3928 species
399 3826 729 3914 communionum,
748 3852 838 3927 quas
854 3842 1029 3925 tanquam
1049 3824 1090 3895 in.
1104 3827 1223 3926 patria

240 3957 362 4014 nostra
373 3938 645 4040 frequentiores
659 3954 694 4037 et
705 3941 861 4012 maxime
874 3939 1052 4040 vulgares,
1068 3942 1223 4014 nomine

241 4053 404 4151 generali
421 4067 544 4155 partes
565 4044 731 4154 stipulari
750 4066 920 4154 possunta
940 4075 1021 4129 non
1039 4065 1164 4130 tamen
1178 4048 1222 4125 nd
