2596 4724
166 471 264 602 hunc
290 501 444 574 parvum
472 505 670 558 numerum
696 488 755 563 lex
779 496 964 572 restrinxit
997 500 1145 591 modos,

165 588 303 716 quibus
323 596 576 671 communioni
595 609 705 702 legati
721 605 888 710 derogari
904 613 1008 702 licet3
1034 615 1147 690 voluit

166 724 269 799 enim
285 729 322 774 1n
342 704 409 779 hac
430 714 584 786 materie
604 715 798 799 hominum
826 722 1052 797 voluntatem
1071 753 1147 799 non

165 814 630 926 aliiscircumsoribendam
641 834 921 928 esselimitibus,
935 862 1045 939 quam
1059 866 1148 940 quas

163 933 287 1058 posuit
302 935 604 1040 utilitaspublica;
616 945 680 1021 sed
699 975 787 1022 cum
799 949 1147 1052 legislatoresnostri

163 1067 362 1120 maximam
392 1050 460 1126 bac
492 1056 529 1128 in
553 1084 594 1131 re
615 1063 919 1136 contrahentibus
938 1063 1148 1141 libertatem

165 1163 427 1254 concedentes,
442 1184 590 1245 nostros
609 1173 667 1247 hic
688 1176 868 1277 imprimis
886 1203 1011 1252 mores
1027 1181 1148 1279 respi-

161 1272 316 1359 ciendos
358 1306 437 1354 esse
478 1300 677 1382 putarent,
718 1315 742 1360 e
769 1289 907 1364 Codice
924 1277 1144 1366 'omiserunt

161 1389 379 1490 multiplicia
399 1393 460 1468 illa
486 1413 593 1498 pacta
612 1403 790 1504 nuptialia
808 1405 878 1502 θ’),
901 1431 984 1505 quae
1006 1406 1042 1479 in
1062 1405 1144 1505 jure

162 1503 306 1578 Gallico
339 1508 599 1606 inveniuntur,
638 1533 675 1591 et
707 1542 790 1618 quae
824 1544 948 1619 neque
977 1519 1144 1594 moribus

159 1622 294 1694 nostris
308 1636 417 1723 atque
431 1630 777 1723 consuetudinibus,
795 1659 918 1734 neque
935 1634 1142 1719 commodis
1207 1642 1210 1651 ’

158 1730 235 1810 ullo
263 1738 380 1814 modo
404 1760 559 1836 possunt
590 1748 803 1831 convenire.
833 1751 940 1833 Licet
965 1776 1057 1824 vero
1082 1750 1142 1823 lex

158 1871 239 1919 non
267 1849 477 1948 specialiter
496 1852 543 1926 de
573 1855 643 1935 illis¹
674 1858 1142 1959 conventionibusegerit,

158 1985 252 2060 quas
267 1962 585 2062 quemadmodum
599 1975 690 2068 tegas
707 1988 903 2055 extraneas
921 1971 1147 2073 considerat,
1235 2016 1242 2032 ·

158 2092 377 2155 nontamen
398 2082 564 2182 partibus
588 2085 815 2184 prohibitum
839 2103 909 2176 cst,
930 2086 1008 2173 illas
1030 2087 1146 2188 stipuq·

157 2189 242 2283 lari,
256 2191 460 2274 dummodo
477 2195 577 2274 clare
594 2199 633 2271 iu
648 2213 841 2281 contractu
854 2215 1045 2293 naturam,
1056 2198 1144 2288 vim,

157 2319 269 2406 atque
289 2307 441 2384 effeetus
457 2307 640 2406 ejusmodi
656 2310 753 2406 pacti
773 2327 971 2406 exponant.
987 2313 1144 2408 Argunt.
1170 2344 1174 2350 ·

158 2436 229 2493 art.
251 2420 284 2491 5.
346 2476 348 2480 »

206 2568 297 2643 Tres
312 2581 438 2644 autem
450 2546 758 2647 communionum
770 2564 928 2668 species,
943 2562 1139 2665 dequibus

157 2680 335 2769 diximus,
353 2681 522 2761 haesura
540 2708 549 2757 ε

201 3025 243 3105 (⁹)
264 3025 400 3105 Maxime
423 3027 486 3087 buc
504 3025 643 3109 pertinet
656 3028 790 3113 regimen
813 3025 933 3099 dotale,
949 3026 1038 3105 cujus
1059 3018 1143 3104 pacti

157 3127 191 3195 iu
206 3127 310 3209 patria
323 3137 429 3195 nostra
444 3127 513 3193 fere
527 3125 628 3198 nulla,
646 3133 739 3206 atque
763 3123 794 3181 in
817 3121 917 3204 ipsius
938 3115 1046 3183 Galliae
1061 3139 1137 3202 pro·

156 3222 270 3287 vinciis
285 3221 582 3313 septentrionalibus
603 3212 675 3281 rara
691 3218 861 3281 admodum
877 3217 985 3280 afferri
1005 3224 1137 3301 possunt

157 3323 318 3404 exempla3
346 3321 441 3404 huius
468 3321 566 3404 igitur
595 3318 813 3397 conventionis
839 3326 984 3379 auctores
1013 3313 1138 3378 Codicis
1219 3357 1224 3367 ·

146 3419 258 3483 ¹nostri
274 3421 394 3482 nullam
410 3419 602 3483 mentionem
617 3403 776 3488 fecerunt3
797 3423 829 3476 et
847 3415 873 3476 si
888 3408 968 3497 quid
984 3413 1016 3472 in
1038 3413 1139 3474 dotem
1214 3460 1217 3468 .

157 3519 289 3581 allatum
304 3519 418 3593 luerit,
432 3515 593 3578 silentium
609 3514 687 3597 legis
709 3511 851 3594 partibus
868 3508 1049 3572 facultatem
1073 3505 1133 3566 tri·

156 3616 242 3690 buit,
257 3617 316 3678 bac
337 3615 377 3678 de
391 3635 427 3677 rc
442 3612 628 3696 stipulandi,
645 3609 857 3696 quodcunque
872 3603 1022 3679 libuerit,
1044 3601 1135 3665 dnm·

156 3714 255 3779 modo
271 3714 351 3777 nibil
372 3721 480 3796 agatur
495 3721 605 3773 contra
621 3709 765 3794 regulas,
782 3728 860 3793 quas
884 3723 980 3786 supra
996 3700 1036 3763 de
1062 3723 1137 3785 con·

158 3812 311 3874 tractibus
334 3810 527 3896 nuptialibus
550 3810 697 3872 universe
726 3807 910 3875 retulimus,
939 3821 1037 3887 quum
1059 3819 1134 3888 uem

157 3908 241 3979 nihil
261 3921 364 3994 partes
379 3911 464 3972 cirea
486 3909 567 3969 bona
582 3907 701 3969 dotalia
721 3907 752 3966 in
777 3906 938 3965 contractu
954 3896 1135 3980 statuerint,

158 4007 283 4073 nullum
300 3998 436 4091 ⁴dubium
451 4018 512 4084 est,
527 4006 617 4088 oquin
633 4006 698 4067 haec
712 4003 795 4064 bona
811 3996 984 4061 secundum
1005 4016 1138 4059 commu-

159 4109 283 4172 nionem
298 4104 424 4188 legalem
434 4114 599 4186 regantur.
813 4087 817 4095 ’
