2596 4724
581 387 710 481 (2⁸)

167 533 249 590 eunt
264 519 327 618 ipsi
345 519 534 620 conjuges,
551 518 629 605 ille,
649 519 712 618 qui
725 543 810 590 cum
820 515 992 588 alterutro
1008 509 1123 610 priori

165 633 395 708 matrimonio
426 634 571 732 junctus
602 647 671 720 est,
701 647 824 733 pater,
854 643 988 715 mater,
1022 626 1126 697 aliive

164 739 441 828 adscendentes,
475 745 561 816 item
589 769 733 830 omnes,
757 759 932 840 'quorum
959 740 1127 822 interest,

163 873 327 926 necnon
346 855 566 924 Procurator
585 852 701 954 Regis.
717 852 794 924 Art.
813 851 870 924 60.

213 994 260 1048 2⁰.
287 980 323 1051 Si
336 981 482 1078 nuptiae
502 978 715 1054 contractae
728 983 798 1054 sint
814 982 909 1055 inter
927 1002 1117 1083 personas,

163 1090 339 1187 quaesibi
353 1108 526 1193 cognatae
541 1094 597 1167 vel
608 1096 731 1168 affines
745 1107 828 1167 sunt
841 1120 885 1167 eo
901 1091 1035 1193 gradu,
1049 1113 1126 1189 quo

161 1198 222 1272 lex
239 1202 510 1277 matrimonium
529 1206 611 1276 iniri
626 1204 811 1304 prohibet,
828 1204 886 1277 vel
906 1209 1000 1275 inter
1018 1200 1127 1272 adul-

162 1327 282 1389 terum
320 1334 427 1417 utque
466 1319 684 1410 adulteram,
711 1322 769 1392 vel
802 1320 897 1391 inter
927 1313 1123 1413 conjuges,

162 1455 322 1527 quorum
339 1432 611 1505 matrimonium
632 1415 788 1505 divortio
810 1429 1025 1502 dissolutum
1050 1441 1123 1510 est;

160 1556 250 1614 tunc
278 1543 376 1614 enim
403 1547 549 1642 nuptiae
580 1543 662 1616 illae
681 1543 884 1643 impugnari
908 1553 1056 1640 possunt
1078 1536 1124 1609 ab

160 1652 246 1748 ipsis
262 1652 494 1753 conjugibus,
510 1681 713 1755 eorumque
728 1670 852 1756 patre,
869 1669 1000 1738 matre,
1021 1650 1122 1721 aliis-

160 1787 234 1862 que
259 1761 581 1856 adscendentibus,
608 1793 677 1840 nec
705 1793 782 1840 non
807 1768 854 1838 ab
877 1767 936 1855 iis,
963 1789 1124 1864 quorum

160 1877 320 1967 interest,
328 1881 536 1980 acdenique
547 1910 568 1953 a
577 1887 822 1956 Procuratore
837 1880 952 1981 Regis.
966 1880 1046 1952 Art.
1059 1876 1118 1966 64.

209 2006 259 2078 3⁰.
284 2008 340 2078 Ab
369 2007 496 2081 iisdem
518 2009 625 2080 etiam
644 2011 810 2108 personis
829 2010 901 2110 peti
920 2020 1058 2108 potest,
1085 2018 1126 2076 ut

162 2118 304 2192 nullum
322 2120 527 2193 declaretur
542 2122 830 2210 matrimonium,
844 2118 947 2222 quod
961 2116 1125 2192 celebra-

161 2246 239 2299 tum
254 2257 330 2303 non
349 2245 422 2319 est,
444 2257 571 2323 coram
588 2233 796 2330 magistratu
815 2245 1044 2332 competente
1063 2226 1124 2300 rei

160 2339 312 2414 testibus
349 2368 505 2416 numero
543 2343 719 2443 requisito
757 2342 1021 2444 praesentibus,
1061 2338 1122 2413 hic

160 2469 281 2527 tamen
314 2452 581 2530 observandum
600 2444 675 2543 est,
708 2444 883 2554 conjuges
908 2455 978 2526 hoc
998 2466 1124 2554 petere

159 2592 236 2639 non
254 2591 377 2667 posse,
398 2569 427 2639 si
447 2564 592 2667 publice
611 2582 769 2655 constat,
797 2593 860 2642 eos
879 2592 1004 2641 secum
1022 2564 1119 2636 invi-

159 2705 242 2754 cem
269 2694 444 2779 tnnquam
477 2680 596 2752 virum
621 2695 656 2753 et
678 2707 831 2753 uxorem
860 2680 1008 2765 vixisse,
1036 2691 1072 2748 et
1091 2675 1120 2747 si

86 2776 92 2791 ⁸
161 2790 360 2863 exhibitum
378 2793 422 2862 sit
437 2792 729 2879 instrumentum,
756 2794 856 2890 quod
889 2794 935 2866 de
952 2789 1122 2865 celebra·-
1140 2824 1143 2833 ·

158 2903 259 2973 tione
279 2924 408 2972 eorum
425 2900 645 2973 matrimonii
663 2928 684 2971 a
703 2904 908 3002 magistratu
930 2905 982 3002 (Ἴ
1008 2901 1119 2975 statiis

201 3300 241 3377 θ’)
271 3303 384 3364 Textus
409 3303 610 3365 Hollandioue
644 3302 703 3367 hac
730 3305 762 3364 in
791 3326 827 3366 re
855 3304 970 3367 clarior
996 3302 1123 3366 videtur

159 3393 294 3471 Gallico,
317 3396 350 3456 in
374 3397 430 3460 illo
454 3398 536 3459 enim
558 3398 712 3482 legimus:
741 3399 894 3461 Wanneer
923 3424 957 3462 er
987 3399 1119 3479 uiterlijlr

158 3493 236 3551 berit
264 3514 328 3552 van
358 3494 418 3555 den
446 3494 630 3577 huwelijlren
661 3510 752 3585 staat-
773 3500 936 3578 aarwvrzig
953 3501 995 3570 is,
1020 3519 1058 3557 en
1085 3519 1120 3557 er

158 3607 230 3645 eene
243 3587 313 3648 aitte
335 3611 399 3648 von
425 3589 786 3672 huwelijltsmoltreltding
809 3607 858 3652 ten
879 3605 1038 3652 overstaan
1055 3613 1121 3652 nan

157 3699 260 3740 numer
286 3688 465 3748 ambierunt·
487 3709 551 3748 nan
573 3687 633 3748 den
646 3689 844 3768 burgerlr'jten
860 3688 953 3748 stand
966 3688 1119 3766 uerleden,

155 3784 305 3842 nertoond
327 3787 444 3856 werdt,
480 3790 541 3865 zijn
564 3785 603 3845 de
623 3786 829 3865 echtgerwoten
849 3805 919 3845 over·
941 3805 978 3844 en
999 3786 1117 3864 weder,

157 3879 221 3936 niet
235 3881 434 3963 ontvanltelijlr
447 3905 494 3944 om
507 3884 545 3943 de
556 3883 779 3963 nietiglreiddes
793 3882 948 3961 huwelijlrs
956 3895 983 3943 te
994 3908 1119 3968 orageu,

156 3967 223 4026 Art
235 3972 283 4033 66.
306 3973 404 4056 Equo
417 3976 559 4058 sequitur
574 3975 659 4036 hoc'
650 3986 886 4036 instrumentum
906 3977 1026 4041 ratione
1049 4003 1119 4041 con·

156 4080 262 4140 jugum
277 4067 368 4128 etium
383 4068 507 4146 valere,
522 4069 641 4132 etiamsi
659 4069 833 4131 consectum
847 4072 915 4133 situ
933 4072 1118 4156 magistratu
