2596 4724
646 383 665 485 (
695 409 760 460 122
781 383 802 480 4

233 521 399 603 enutone
428 515 605 592 Ordinum
628 517 848 612 generalium
871 511 927 585 die
943 507 981 610 9.'
1004 511 1086 609 jniii
1112 512 1204 596 1822,

229 639 484 737 pronunciarit
500 638 562 706 oir
576 635 728 706 consult.
747 629 778 701 N
783 650 909 701 sconti.
1011 642 1013 651 ·

281 775 352 849 Sed
375 770 452 856 ¹non
473 791 617 848 tantum
638 769 801 855 directe,
820 795 951 842 verum
969 769 1079 843 etiam
1097 766 1204 842 indi-

233 885 334 959 recte
362 885 498 982 conjux
512 884 598 985 plus
622 907 720 955 novo
746 879 894 980 conjugi
919 878 1059 954 donare
1077 879 1205 978 prohi-

231 997 358 1083 betur,
375 1024 490 1096 quam
508 996 554 1069 de
571 1021 647 1095 quo
668 993 872 1067 secundum
892 993 1001 1094 su'prd
1021 1019 1206 1067 memora·

230 1123 304 1183 tum
326 1107 622 1210 dispositionem,
652 1107 692 1183 in.
716 1104 794 1205 ejus
816 1104 982 1179 favorem
1006 1105 1205 1206 disponere
1271 1197 1272 1201 Ἴ

230 1239 360 1324 potest.
388 1227 467 1298 Art.
500 1252 530 1297 2.
556 1223 663 1299 Nulla
691 1225 814 1321 itaque
838 1238 892 1296 est
917 1223 1034 1296 omnis
1050 1223 1204 1297 donatio

230 1335 327 1410 faeta
355 1341 457 1438 quasi
491 1338 595 1412 titulo
625 1351 836 1411 contractus
863 1342 1018 1424 onerosi,
1051 1352 1112 1409 aut
1136 1361 1206 1437 per

232 1447 464 1549 interpositas
484 1474 671 1550 personas,
691 1450 725 1521 d.
753 1463 821 1519 ort.
844 1474 877 1522 2.
900 1448 952 1544 of.
979 1454 1005 1520 i.
1021 1448 1061 1523 6.
1079 1447 1205 1544 infine

233 1563 273 1633 C.
293 1564 337 1636 de
350 1588 419 1637 see.
439 1566 556 1658 Nupt.

128 1725 132 1732 ·
237 1693 240 1721 ·’
275 1688 455 1760 Censetur
473 1700 595 1759 autem
613 1684 769 1762 donatio.
779 1709 858 1757 esse
882 1687 979 1758 facta
1003 1713 1071 1784 per
1085 1689 1219 1762 inter-¹
1258 1720 1263 1727 ’

230 1799 365 1899 positas
396 1823 589 1900 personas,
618 1796 769 1897 quando
801 1798 935 1871 cottata
964 1812 1017 1872 est
1049 1798 1096 1871 ab
1123 1827 1201 1876 uno

230 1910 368 2013 conjug
370 1939 408 2000 e,
440 1913 478 1984 in
506 1912 661 2001 liberos,
696 1925 758 1984 aut
786 1911 825 1983 in
854 1939 970 1985 unum
1006 1938 1050 1985 ex
1076 1913 1203 1988 liberis

233 2026 380 2099 alterius
399 2025 582 2126 conjugis,
608 2050 629 2098 e
658 2025 773 2125 priori
794 2026 1028 2099 matrimonio
1048 2051 1204 2128 suscep-

231 2140 294 2225 tis,
316 2165 386 2212 nec
407 2165 483 2211 non
503 2138 654 2235 quando
677 2138 773 2211 facta
796 2156 850 2212 est
868 2168 889 2212 a
909 2140 1066 2240 conjuge
1081 2140 1205 2215 dona-

231 2264 313 2322 tore
357 2249 544 2348 cognatis,
581 2275 743 2347 quorum
785 2250 904 2339 heres,
934 2251 1078 2324 futurus
1111 2255 1206 2326 aiter

232 2362 371 2462 conjux
395 2377 564 2462 tempore
591 2360 801 2434 donationis
835 2363 1087 2463 praesumitur,
1117 2365 1206 2441 licet

232 2477 290 2548 hio
325 2492 483 2576 cognato
515 2500 582 2549 suo
598 2474 799 2549 vdonatario
835 2501 913 2549 non
951 2478 1203 2577 supervixerit.

103 2700 106 2705 q
233 2593 314 2685 nn.
331 2593 364 2664 s.
384 2597 438 2665 nt.
453 2593 524 2680 rx,

283 2722 368 2795 Non
389 2718 550 2820 perfecta
569 2718 665 2796 foret
679 2719 868 2823 dispositio
889 2717 1031 2794 articuli
1054 2741 1075 2790 r
1097 2717 1207 2819 hujus

235 2834 327 2905 tituli
348 2834 377 2906 si
393 2832 439 2905 ad
449 2859 638 2930 expressos
653 2849 810 2924 tantum,
829 2861 905 2908 non
925 2861 1016 2908 vero
1031 2835 1139 2908 etiam
1159 2833 1207 2908 ad

234 2949 363 3020 tacitas
375 2947 640 3019 conventiones
656 2949 928 3020 extenderetur.
945 2948 1086 3020 Ultimo
1100 2949 1223 3046 igitur>
1271 3038 1276 3053 ἢ

234 3060 320 3133 loco
345 3055 582 3134 constitutum
598 3074 669 3150 est,
687 3074 727 3134 ut
746 3061 775 3133 si
808 3060 843 3132 in
864 3087 951 3135 casu
969 3063 1207 3136 communio-1

235 3172 292 3244 nis
314 3173 388 3245 sive
413 3171 555 3271 legalis,
576 3172 651 3245 sive
672 3172 973 3262 conventionalis,
992 3175 1207 3248 commixtio

114 3318 120 3331 ·
234 3282 424 3357 bonorum
451 3297 560 3381 atque
594 3283 805 3359 debitorum
833 3288 870 3359 in
898 3285 1064 3362 favorem
1093 3288 1206 3375 ¹unius

235 3391 451 3493 conjugum,
465 3391 582 3492 majus
597 3395 836 3484 commodum
843 3397 1080 3498 produceret,
1092 3424 1210 3497 quam

234 3534 312 3607 quo
329 3505 530 3581 secundum
549 3524 617 3581 nrt.
641 3537 672 3584 t.
687 3509 727 3585 t.
744 3518 796 3585 tit.
815 3510 888 3585 frui
907 3528 1037 3613 potest,
1058 3511 1165 3583 liberi
1185 3538 1209 3588 e

232 3623 348 3721 priori
382 3621 616 3695 matrimonio
646 3622 795 3713 alterius
828 3623 992 3726 conjugis
1026 3625 1203 3749 suscepti,

232 3749 400 3835 tempore
422 3733 551 3808 delatae
570 3734 779 3810 hereditatis
801 3742 995 3838 parentis,
1018 3735 1209 3812 actionem

234 3843 395 3926 habeant
421 3846 468 3916 ad
502 3846 786 3938 deducendum,
822 3850 923 3951 quod
958 3846 1035 3960 ejus
1069 3851 1208 3954 conjux

234 3959 339 4052 plus
330 3974 424 4058 lusto
442 3963 599 4064 accepit;
617 3980 728 4065 utque
745 3963 861 4038 illud
847 3964 973 4065 ,quod
991 3987 1240 4049 revocatum

232 4065 342 4144 fuerit
352 4073 399 4146 ad
414 4076 688 4203 suceessionem
702 4080 895 4179 pertineat.
918 4080 1002 4162 Art
1025 4084 1061 4175 4
1079 4089 1123 4158 tit
1137 4085 1205 4161 IX.
