2596 4724
529 305 545 397 (
571 300 658 393 ¹3)

108 455 201 530 (μοι
215 445 292 506 tam
309 456 349 501 ιιι
360 452 422 516 ns
441 456 537 534 quae
547 427 692 528 nuptias
705 423 949 526 praecedunt
967 450 1079 524 quam

74 547 144 631 in
160 547 237 649 ipsa
256 571 385 618 aarum
397 543 646 622 celebratione
662 543 846 618 observari
861 540 981 617 debet.
997 542 1081 616 Huc

106 675 215 758 igitur
230 657 424 758 pertinet
566 673 569 678 “

152 791 195 860 I0.
223 792 276 862 Ut
301 790 351 861 illi
378 790 442 892 qui
471 815 595 863 sectam
621 789 780 863 invicem
805 767 1087 887 matrimonium

104 904 325 986 contrahere
338 903 489 992 volunt
504 904 572 976 hac
588 902 634 982 de
648 929 689 976 re
703 903 953 1004 magistratum
968 918 1080 977 status

102 1016 217 1095 civilis
250 1018 426 1092 domicilii
450 1000 662 1121 alterutrius
693 1019 854 1147 partium
883 1018 1081 1099 certiorem

101 1127 296 1220 faciant,
269 1159 343 1209 stve
358 1134 424 1235 ipsi
436 1149 665 1241 praesentes,
676 1133 750 1240 sive
768 1122 961 1241 ejusmodi
970 1133 1082 1232 scrip

10 1325 13 1333 y
101 1255 164 1330 to,
195 1271 216 1317 e
244 1244 320 1344 qu'o
350 1245 635 1350 destitutorum
662 1242 862 1343 conjugum
892 1244 1083 1344 proposito

19 1391 26 1400 ·
99 1355 198 1436 ‚clare
217 1372 362 1456 pateat,
383 1371 497 1460 utque
522 1356 568 1429 de
588 1354 656 1428 hac
679 1351 930 1428 declaratione
948 1358 1103 1429 instra.

99 1484 266 1541 mentum
287 1468 415 1542 abillo
445 1469 657 1568 magistratu
681 1467 909 1541 conficiatur.
932 1471 1013 1542 Art.
1036 1469 1083 1562 24

104 1599 143 1662 et
162 1584 218 1656 25.
238 1585 337 1666 Haec
357 1584 545 1696 dispositio
559 1585 596 1655 in
613 1582 743 1658 codice
763 1583 903 1656 Gallico
925 1609 1003 1656 non
1022 1611 1083 1657 re-

20 1776 22 1781 ,
85 1697 258 1797 'peritum
279 1699 475 1772 utilitatem
495 1714 620 1773 tamen
638 1697 799 1797 aliquam
813 1697 952 1772 habere
971 1697 1081 1779 nobis

99 1808 268 1896 videtum
287 1811 466 1917 quoniam
490 1811 655 1908 alioquin
681 1811 1015 1915 promulgationes,
1033 1810 1080 1884 de

100 1918 235 2028 quibus
268 1945 356 1991 mox
382 1919 541 1991 locuturi
561 1944 703 2007 sumus,
726 1946 769 1990 ex
788 1923 875 1992 odio
891 1924 950 1995 vel
968 1923 1080 2024 joco,

102 2037 219 2117 inscia
236 2037 410 2110 alterutra
431 2048 553 2137 parte,
574 2034 654 2116 fieri
673 2029 832 2135 possent.
907 2075 910 2085 ·

151 2167 212 2237 II⁰.
239 2167 290 2238 Ut
310 2163 519 2265 praecedant
533 2163 613 2247 duae
638 2165 953 2266 promulgationes
973 2166 1079 2241 factae

104 2272 355 2380 aMagistratu
371 2280 486 2353 Status
505 2277 643 2367 Civilis,
671 2279 815 2353 duobus
838 2278 1078 2382 sequentibus

98 2391 229 2477 'diebus
246 2390 351 2479 solis,
373 2389 419 2461 ad
439 2389 559 2464 valvas
580 2391 690 2463 curiae
707 2392 936 2497 municipalis
950 2390 1077 2466 domi-

98 2505 173 2592 cilii
198 2502 384 2611 utriusque
410 2503 597 2615 conjugis,
617 2519 654 2578 et
674 2505 855 2613 siquidem
881 2533 957 2578 uon
978 2508 1075 2582 ultra

98 2619 162 2694 s'ex
194 2645 337 2693 menses
357 2644 402 2692 eo
430 2617 516 2691 loco
541 2608 800 2707 habitaverint,
824 2618 888 2690 ubi
907 2631 1077 2749 tempore

101 2718 442 2843 promulgationum
470 2731 699 2812 domicilium
724 2733 878 2819 habeut,
906 2734 1015 2805 etiam
1039 2736 1077 2805 in

106 2846 195 2927 loco
218 2847 361 2945 pristini
377 2872 507 2933 eorum
522 2845 697 2925 domicilii
713 2847 774 2944 ‚(
776 2853 791 2946 J
814 2846 938 2920 Potest
956 2862 1080 2923 tamen

94 3221 98 3227 ·
116 3195 182 3276 (ἤ)
202 3195 380 3258 Secundum
409 3209 467 3257 art
504 3197 560 3260 168
590 3195 664 3259 Cod.
695 3197 779 3276 Nan.
805 3195 1075 3280 promulgationes

100 3293 210 3357 etiam
224 3291 292 3355 lieri
315 3293 477 3354 debentia
502 3275 578 3356 loco
601 3293 758 3355 domicilii
784 3315 894 3356 eorum
906 3317 1076 3379 ‚quorum
1187 3290 1191 3295 ’

96 3391 271 3475 potestati,
294 3401 449 3473 quantum
458 3391 497 3454 ad
512 3392 635 3473 nuptias
648 3392 784 3466 attinet,
810 3343 914 3452 futuri
925 3389 1074 3472 conjuges

100 3498 173 3549 sunt
183 3486 323 3570 subjecti.
346 3488 419 3548 Jure
433 3487 584 3570 Belgioo'
576 3507 644 3569 apso
656 3485 724 3570 jure
739 3487 798 3550 hoc
810 3486 953 3549 obtinere
968 3485 1072 3557 debet,

36 3614 38 3620 ·
99 3602 200 3671 usque
210 3582 250 3642 ad
262 3590 395 3644 aetatem
407 3581 560 3665 majorem
574 3582 825 3645 contrahentium
831 3581 925 3665 'quia
936 3581 1074 3644 minores

101 3676 276 3837 selpuuutur
292 3678 487 3742 domicilium
502 3676 668 3761 pareutum
682 3679 733 3743 vel
749 3690 914 3752 tutorum
906 3679 995 3739 vid.
1013 3693 1074 3742 art.

103 3775 123 3835 5
160 3780 182 3837 it
193 3779 237 3836 111
261 3777 420 3839 Sectiones
434 3786 537 3837 autem
549 3776 690 3860 quaedam
705 3776 858 3840 Ordinum
873 3777 1074 3842 Generalium

96 3853 340 3951 ddsidetarunt,
367 3882 404 3934 ut
431 3873 594 3936 intervallo
618 3896 636 3935 a
660 3872 909 3984 majoreuutute
922 3870 1075 3952 usquead

96 3988 219 4030 annum
244 3973 436 4035 vicesimum
478 3971 800 4055 quintun1‚quippe
831 3991 894 4052 quo
923 3989 1077 4046 consensu

102 4076 268 4160 pareutum
289 4091 350 4132 non
380 4070 512 4162 amplius
539 4090 616 4160 opus
632 4078 696 4146 est,
724 4065 1015 4152 promulgationes
1006 4086 1074 4148 lure
