2596 4724
597 376 613 469 (
644 376 751 471 115)

183 478 321 570 fructus
333 495 473 569 laboris
487 497 540 572 sui
556 514 665 599 atque
676 503 860 577 industriae
875 503 951 583 sola
966 509 1152 609 percipiat.

180 609 362 683 Praeterea
395 606 572 710 liberatpr
605 615 829 715 obligatione
861 619 959 720 apud
992 647 1029 694 se
1061 623 1157 694 reci-
1237 640 1241 646 ’

108 823 110 828 .
177 717 306 818 piendi
330 723 522 811 maritum,
545 727 607 825 qui
627 753 867 810 communem
891 732 1157 829 habitationem

180 830 363 949 deseruit}
397 839 536 938 quique
561 838 732 920 diuturna
764 843 929 919 absentia
955 846 1023 946 ipsi
1052 847 1158 945 quasi

179 961 370 1023 extraneus
385 967 439 1024 est
450 951 567 1030 faetus
583 956 763 1047 3—Quod
782 973 905 1037 autem
919 959 965 1035 ad
980 958 1155 1032 maritum

178 1060 323 1150 attinet,
334 1068 551 1165 responsum
573 1067 797 1144 babemusin
812 1071 1063 1170 dispositione,
1080 1098 1155 1172 qua

176 1188 306 1247 contra
324 1177 492 1278 regulam
504 1197 615 1276 pater
632 1200 701 1268 est,
721 1209 827 1282 quem
846 1190 981 1280 nuptio
1003 1185 1154 1262 demon·-

173 1299 308 1374 strant,
329 1303 474 1387 partus,
497 1292 560 1388 qui
579 1306 766 1366 trecentos
785 1291 862 1374 dies
881 1309 963 1395 post
981 1319 1154 1396 pronun-

173 1399 308 1481 ciatam
337 1402 608 1503 separationem
638 1405 734 1482 thori
778 1421 815 1486 et
857 1433 993 1490 mensae
1034 1405 1153 1488 editus

119 1518 121 1522 ’
153 1507 301 1602 suerit,
331 1514 361 1586 si
391 1532 578 1616 rogatur,
618 1545 687 1619 pro
725 1546 802 1593 non
837 1520 999 1621 legitimo
1032 1533 1153 1622 potest
1244 1547 1248 1560 ¹

171 1623 520 1719 haberi..-Titulus,
537 1660 611 1730 quo
626 1633 704 1706 baec
717 1632 907 1735 dispositio
923 1636 1150 1722 continetur,

169 1737 339 1811 nondum
366 1741 518 1838 quidem
548 1743 593 1811 ab
613 1744 813 1814 Ordinibus
841 1745 1074 1842 generalibus
1094 1758 1148 1818 est

170 1849 452 1946 comprobatus,
468 1867 722 1926 verumtamen
739 1878 870 1937 eorum
890 1845 1154 1936 deliberationi

168 1965 246 2063 jam
262 1975 315 2036 est
334 1963 531 2061 subjectus.
543 1963 769 2062 ¹conferatur
780 1971 892 2048 orutt‘o
910 1970 984 2052 uiri
1001 1967 1151 2050 cortsulc,

170 2076 324 2160 Nicoaar
340 2078 464 2158 babitu
484 2081 540 2155 die
559 2080 594 2154 6.
614 2082 712 2160 Juttt
733 2081 832 2164 1822,

219 2240 282 2313 110.
310 2243 390 2315 Peti
410 2256 530 2343 potest
559 2242 759 2347 'separatio
791 2241 887 2313 thori
924 2256 960 2315 et
993 2265 1149 2329 mensae,

166 2373 321 2455 propter
346 2378 533 2441 excessus,
563 2352 716 2424 saevitias
757 2365 794 2422 et
821 2373 948 2448 graves
977 2352 1146 2447 injurias,

168 2466 304 2565 quibus
325 2466 415 2540 alter
440 2465 576 2567 conjux
599 2461 945 2538 alterumalsecerit·
963 2465 997 2543 d,
1024 2480 1093 2536 ort.
1117 2491 1146 2539 1.

167 2583 206 2651 ln
217 2578 309 2674 stum
331 2578 436 2651 Actio
468 2591 591 2650 autem
618 2590 695 2648 tam
721 2591 872 2676 propter
903 2574 966 2648 has
1000 2599 1146 2660 causas,

164 2715 278 2792 quam
306 2705 457 2791 propter
486 2715 561 2778 eas,
583 2689 630 2762 de
657 2689 792 2788 quibus
816 2687 884 2764 sub
900 2704 949 2760 1ιο.
986 2709 1015 2760 t.
1035 2686 1147 2762 locuti

162 2827 286 2876 sumus
307 2802 440 2877 eodem
462 2804 577 2877 modo
602 2803 823 2892 instituitur,
855 2799 1067 2902 eademque
1083 2828 1146 2872 ra·

112 2976 115 2981 .
166 2919 269 2992 tione
285 2918 331 2991 de
352 2944 394 2990 ea
409 2915 566 3016 judicari
596 2916 728 3006 debet,
751 2941 802 3006 ac
832 2915 939 2997 circa'
956 2915 1141 2990 actionem

165 3032 312 3107 divortii
329 3031 408 3108 ficri
422 3033 590 3106 vidimus.
602 3037 680 3104 Art.
699 3059 733 3102 2.
750 3128 755 3135 l

151 3261 152 3265 Ἰ
215 3178 299 3250 1110.
307 3177 494 3282 Separatio
511 3175 607 3255 thori
617 3190 652 3247 et
662 3196 799 3247 mensae
815 3185 942 3244 mutuo
951 3173 1142 3272 utriusque

148 3283 328 3390 conjugis
351 3317 557 3380 consensu,
580 3290 658 3365 sine
682 3313 791 3360 causa
810 3284 958 3362 definita
978 3316 998 3360 a
1019 3287 1141 3386 judica
1197 3319 1198 3331 ¹

159 3407 236 3507 peti
255 3419 380 3506 potest.
397 3407 473 3489 Art.
491 3407 524 3497 4.
536 3405 626 3476 Duae
642 3401 799 3482 maxime
810 3402 1140 3492 rationesfuerunt,

160 3548 227 3596 cur
269 3519 449 3621 ejusmodi
484 3519 580 3591 thori
622 3533 658 3592 et
700 3543 835 3591 mensae
874 3515 1055 3619 separatio
1093 3516 1138 3590 sit

160 3637 333 3725 admissa3
344 3637 518 3723 -altera,
532 3649 572 3706 ut
581 3632 810 3734 conjugibus,
821 3658 915 3739 quos
931 3628 1139 3705 communis
1245 3626 1255 3654 ⁵

156 3751 232 3824 rita
253 3748 372 3823 reddit
406 3745 591 3834 infelices,
620 3745 824 3822 remedium
848 3743 1041 3832 tribuatur,
1058 3765 1137 3842 quo

157 3890 247 3939 cum
278 3862 466 3937 vinculum
503 3859 726 3940 matrimonii
764 3856 949 3936 incolume
974 3869 1134 3943 maneat,

157 3993 240 4050 tum
267 4002 348 4075 spos
371 3971 535 4051 servetur
570 3973 898 4060 reconciliationis3
935 3968 1063 4058 altera,
1096 3985 1136 4066 ut

119 4185 123 4192 Ι
156 4088 295 4191 conjux
311 4092 490 4167 innocens
510 4105 546 4167 et
569 4088 709 4178 infelix,
737 4085 800 4187 qui
818 4099 971 4188 propter
986 4109 1134 4169 causam
