2596 4724
452 411 457 425 .
544 356 647 450 (5)

554 482 626 575 ss.

157 647 215 719 Dc
227 642 419 717 rationibus
436 643 611 732 ciuilibus,
625 670 706 744 quse
717 642 853 717 obstare
862 660 1024 749 possunt.

73 836 81 847 ·
161 802 414 883 ouationem
432 805 576 887 civilem

166 953 209 1015 10.
235 937 383 1039 Nuptias
397 937 488 1020 inire
502 963 614 1013 nemo
625 952 756 1046 potest,
769 934 945 1038 quamdiu
959 932 1076 1010 adhuc

114 1049 230 1151 priori
248 1052 481 1135 matrimonio
500 1052 640 1133 rinctus
659 1065 723 1134 est·
738 1051 822 1131 Au.
843 1077 876 1127 2.

161 1195 209 1253 2⁰.
235 1180 320 1253 Non
343 1196 463 1279 potest
481 1181 755 1255 matrimonium
774 1180 857 1251 iniri
883 1180 1078 1276 interper-

109 1315 218 1365 sonas
234 1308 250 1378 ,'
271 1319 363 1390 quas
390 1317 516 1363 secum
545 1293 703 1368 invicem
734 1291 953 1364 adulterium
980 1313 1079 1363 com·

110 1403 269 1491 misisse,
286 1427 307 1475 e
326 1401 505 1476 sententia
524 1400 653 1501 judicis
670 1417 777 1504 patet.
793 1403 865 1475 Art
875 1404 922 1475 8.·

158 1537 206 1610 3⁰.
232 1533 426 1636 Coniuges,
441 1535 504 1633 qui
518 1533 676 1608 divortio
692 1533 848 1633 sejuncti
863 1545 958 1617 sunt,
976 1554 1078 1600 uum·

109 1673 222 1749 quam
236 1645 371 1722 iter'um
390 1650 533 1750 nuptias
551 1647 768 1733 contrahere
784 1660 945 1746 possunt.
960 1645 1030 1716 Art
1040 1669 1074 1743 9.

157 1777 209 1869 40.
233 1774 319 1843 Non
329 1787 449 1870 potest
461 1774 599 1845 femina
618 1800 757 1847 novum
776 1769 867 1844 inire
885 1771 1079 1843 matrimo-

110 1885 231 1971 nium,
264 1884 332 1956 nisi
369 1899 553 1971 trecentos
579 1870 658 1958 dies
681 1901 771 1983 ,post
803 1885 1080 1977 dissolutionem
1239 1919 1241 1924 ·

48 2018 54 2034 ¹
110 1998 418 2098 prioris.Artro.
1015 1998 1018 2003 ’
1086 2000 1092 2009 ’

306 2304 362 2374 De
388 2325 563 2382 consessu
590 2298 881 2381 contrulwntiruu.

50 2489 56 2496 ·
158 2459 323 2534 Diximus
350 2472 526 2558 quartum
548 2457 772 2539 matrimonii
796 2458 1013 2555 requisitum
1042 2458 1086 2527 iu

109 2598 158 2648 eo
185 2574 412 2663 consistere,
441 2589 481 2646 ut
500 2573 757 2647 contrahentes
785 2569 901 2645 libere
924 2595 1080 2645 consen·

110 2685 210 2758 tiant.
234 2673 421 2763 Articulus'
440 2685 539 2763 enim
566 2685 587 2756 3
614 2684 740 2771 docet,
766 2709 836 2756 non
859 2710 935 2762 esse
957 2689 1083 2756 mutri-

91 2806 268 2872 ·monium
289 2805 365 2871 sine
383 2799 492 2871 libero
518 2821 693 2870 consensu
721 2801 909 2895 conjugum
920 2798 1080 2896 futuro-

109 2937 215 2999 rum;
235 2910 337 3011 quod
355 2911 405 2984 ita
419 2909 695 3010 intelligendum
719 2927 793 3000 est,
815 2927 855 2986 ut
878 2912 949 2987 hoc
972 2940 1079 3003 casu,

109 3025 140 3098 si
165 3039 265 3126 petat
282 3024 366 3113 ille,
396 3025 458 3124 qul
475 3050 554 3098 uon
572 3025 780 3113 consensit,
808 3028 1080 3102 matrimonium

109 3138 255 3225 nullum
286 3138 503 3220 declaretur,
531 3140 601 3212 Art
625 3139 685 3212 61.
711 3140 766 3212 De
793 3138 911 3215 causis
936 3142 1078 3233 autam,
1164 3198 1167 3203 »
1239 3166 1244 3175 ’

110 3249 243 3350 quibus
254 3250 401 3324 vitiatur
417 3275 628 3338 consensus,
644 3276 723 3325 non
743 3251 847 3353 loqui
869 3278 1078 3352 possumus,

48 3359 51 3366 ’
108 3365 288 3462 quoniam
302 3365 380 3438 haec
396 3366 563 3439 materies
583 3366 620 3438 iu
642 3391 686 3438 ea
699 3380 803 3465 parte
819 3366 979 3457 Codicis,
995 3392 1078 3467 quae

109 3477 186 3578 jam
202 3477 431 3580 promulgata
444 3493 508 3565 est,
524 3476 693 3555 noudum
707 3492 857 3557 tractata
868 3478 949 3567 fuit,
963 3482 1076 3578 quod,

109 3591 217 3694 mque
237 3617 281 3664 ac
300 3590 339 3662 iu
358 3590 494 3664 Codice
515 3590 679 3680 Gallice,
705 3595 899 3668 occasione
916 3609 1080 3668 contrau-

111 3714 214 3779 suum
239 3700 377 3776 factum
407 3703 475 3790 iri,
510 3702 716 3777 verosimile
746 3721 823 3796 est;
855 3705 941 3777 licet
971 3705 1078 3781 nobis

111 3814 262 3913 quidem
274 3815 387 3917 magis
400 3815 610 3914 placuisset,
629 3817 657 3890 si
675 3816 749 3916 jam
766 3815 933 3892 hocloco
950 3819 1018 3893 hac
1032 3820 1079 3895 dc
1167 3905 1169 3908 Α

51 3992 62 4009 ,
111 3947 154 3999 re
173 3937 295 3999 actum
324 3923 468 4012 fuisset,
491 3925 674 4026 quianon
700 3926 819 3997 miuus
837 3924 883 3999 nd
908 3928 1076 4028 nuptias,

108 4035 285 4140 quam-nd
300 4037 542 4140 obligationes
559 4040 730 4141 pertinet,
742 4039 797 4112 De
812 4057 938 4116 errore
954 4056 1074 4119 tamea
