<?xml version="1.0" encoding="UTF-8"?>
<!DOCTYPE html PUBLIC "-//W3C//DTD XHTML 1.0 Transitional//EN"
    "http://www.w3.org/TR/xhtml1/DTD/xhtml1-transitional.dtd">
<html xmlns="http://www.w3.org/1999/xhtml" xml:lang="en" lang="en">
 <head>
  <title>
</title>
<meta http-equiv="Content-Type" content="text/html;charset=utf-8" />
  <meta name='ocr-system' content='tesseract 3.04.00' />
  <meta name='ocr-capabilities' content='ocr_page ocr_carea ocr_par ocr_line ocrx_word'/>
</head>
<body>
  <div class='ocr_page' id='page_1' title='image "./dematrimoniosec00assegoog_0013.png"; bbox 0 0 2596 4724; ppageno 0'>
   <div class='ocr_carea' id='block_1_1' title="bbox 81 309 1128 1195">
    <p class='ocr_par' dir='ltr' id='par_1_1' title="bbox 167 309 740 411">
     <span class='ocr_line' id='line_1_1' title="bbox 167 309 740 411; baseline 0.002 -29"><span class='ocrx_word' id='word_1_1' title='bbox 167 309 193 411; x_wconf 85' lang='lat' dir='ltr'><strong>ij</strong></span> <span class='ocrx_word' id='word_1_2' title='bbox 560 322 740 386; x_wconf 67' lang='lat' dir='ltr'><strong>emano.</strong></span> 
     </span>
    </p>

    <p class='ocr_par' dir='ltr' id='par_1_2' title="bbox 81 436 1122 1189">
     <span class='ocr_line' id='line_1_2' title="bbox 168 436 1122 541; baseline 0.001 -34"><span class='ocrx_word' id='word_1_3' title='bbox 168 437 198 507; x_wconf 80' lang='lat' dir='ltr'><strong>ei</strong></span> <span class='ocrx_word' id='word_1_4' title='bbox 216 436 350 510; x_wconf 84' lang='lat' dir='ltr'><strong>hac-de</strong></span> <span class='ocrx_word' id='word_1_5' title='bbox 379 456 422 511; x_wconf 87' lang='lat' dir='ltr'><strong>re</strong></span> <span class='ocrx_word' id='word_1_6' title='bbox 439 458 595 540; x_wconf 81' lang='lat' dir='ltr'><strong>agerem,</strong></span> <span class='ocrx_word' id='word_1_7' title='bbox 613 464 723 541; x_wconf 84' lang='lat' dir='ltr'><strong>quam</strong></span> <span class='ocrx_word' id='word_1_8' title='bbox 740 439 770 512; x_wconf 84' lang='lat' dir='ltr'><strong>si</strong></span> <span class='ocrx_word' id='word_1_9' title='bbox 789 453 1003 539; x_wconf 72' lang='lat' dir='ltr'><strong>repeterem,</strong></span> <span class='ocrx_word' id='word_1_10' title='bbox 1020 437 1122 538; x_wconf 87' lang='lat' dir='ltr'><strong>quod</strong></span> 
     </span>
     <span class='ocr_line' id='line_1_3' title="bbox 165 565 1121 652; baseline 0 -14"><span class='ocrx_word' id='word_1_11' title='bbox 165 565 351 641; x_wconf 78' lang='lat' dir='ltr'><strong>multi&#39;alii</strong></span> <span class='ocrx_word' id='word_1_12' title='bbox 377 585 458 646; x_wconf 91' lang='lat' dir='ltr'><strong>ante</strong></span> <span class='ocrx_word' id='word_1_13' title='bbox 486 596 548 645; x_wconf 88' lang='lat' dir='ltr'><strong>me</strong></span> <span class='ocrx_word' id='word_1_14' title='bbox 576 570 754 652; x_wconf 85' lang='lat' dir='ltr'><strong>dixerunt.</strong></span> <span class='ocrx_word' id='word_1_15' title='bbox 780 568 933 648; x_wconf 84' lang='lat' dir='ltr'><strong>Multum</strong></span> <span class='ocrx_word' id='word_1_16' title='bbox 952 565 1121 642; x_wconf 84' lang='lat' dir='ltr'><strong>etiamad</strong></span> 
     </span>
     <span class='ocr_line' id='line_1_4' title="bbox 163 691 1121 797; baseline 0 -33"><span class='ocrx_word' id='word_1_17' title='bbox 163 691 236 767; x_wconf 90' lang='lat' dir='ltr'><strong>hoc</strong></span> <span class='ocrx_word' id='word_1_18' title='bbox 251 696 476 797; x_wconf 90' lang='lat' dir='ltr'><strong>propositum</strong></span> <span class='ocrx_word' id='word_1_19' title='bbox 487 696 569 768; x_wconf 90' lang='lat' dir='ltr'><strong>ideo</strong></span> <span class='ocrx_word' id='word_1_20' title='bbox 582 721 662 772; x_wconf 88' lang='lat' dir='ltr'><strong>sum</strong></span> <span class='ocrx_word' id='word_1_21' title='bbox 676 695 886 783; x_wconf 89' lang='lat' dir='ltr'><strong>concitatus,</strong></span> <span class='ocrx_word' id='word_1_22' title='bbox 898 692 1000 795; x_wconf 87' lang='lat' dir='ltr'><strong>quod</strong></span> <span class='ocrx_word' id='word_1_23' title='bbox 1016 693 1121 766; x_wconf 73' lang='lat' dir='ltr'><strong>caris-</strong></span> 
     </span>
     <span class='ocr_line' id='line_1_5' title="bbox 94 813 1122 931; baseline -0.004 -35"><span class='ocrx_word' id='word_1_24' title='bbox 94 813 118 896; x_wconf 42' lang='lat'><strong>‚⁸</strong></span> <span class='ocrx_word' id='word_1_25' title='bbox 161 823 272 897; x_wconf 85' lang='lat' dir='ltr'><strong>simus</strong></span> <span class='ocrx_word' id='word_1_26' title='bbox 285 827 393 897; x_wconf 87' lang='lat' dir='ltr'><strong>Pater</strong></span> <span class='ocrx_word' id='word_1_27' title='bbox 404 849 506 899; x_wconf 89' lang='lat' dir='ltr'><strong>meus</strong></span> <span class='ocrx_word' id='word_1_28' title='bbox 515 883 529 920; x_wconf 74' lang='lat'><strong>,</strong></span> <span class='ocrx_word' id='word_1_29' title='bbox 548 824 684 931; x_wconf 84' lang='lat' dir='ltr'>quippe</span> <span class='ocrx_word' id='word_1_30' title='bbox 699 822 768 895; x_wconf 91' lang='lat' dir='ltr'><strong>illis</strong></span> <span class='ocrx_word' id='word_1_31' title='bbox 785 823 891 912; x_wconf 84' lang='lat' dir='ltr'><strong>viris,</strong></span> <span class='ocrx_word' id='word_1_32' title='bbox 907 820 1039 921; x_wconf 87' lang='lat' dir='ltr'><strong>quibus</strong></span> <span class='ocrx_word' id='word_1_33' title='bbox 1062 842 1122 893; x_wconf 72' lang='lat' dir='ltr'><strong>co</strong></span> 
     </span>
     <span class='ocr_line' id='line_1_6' title="bbox 162 940 1128 1055; baseline -0.003 -34"><span class='ocrx_word' id='word_1_34' title='bbox 162 945 252 1021; x_wconf 89' lang='lat' dir='ltr'><strong>dicis</strong></span> <span class='ocrx_word' id='word_1_35' title='bbox 273 947 460 1055; x_wconf 82' lang='lat' dir='ltr'><strong>redigendi</strong></span> <span class='ocrx_word' id='word_1_36' title='bbox 478 976 565 1028; x_wconf 84' lang='lat' dir='ltr'><strong>cure</strong></span> <span class='ocrx_word' id='word_1_37' title='bbox 583 948 776 1027; x_wconf 88' lang='lat' dir='ltr'><strong>commissa</strong></span> <span class='ocrx_word' id='word_1_38' title='bbox 795 962 863 1037; x_wconf 89' lang='lat' dir='ltr'><strong>est,</strong></span> <span class='ocrx_word' id='word_1_39' title='bbox 881 961 1055 1047; x_wconf 77' lang='lat' dir='ltr'><strong>tanquam</strong></span> <span class='ocrx_word' id='word_1_40' title='bbox 1073 940 1128 1018; x_wconf 80' lang='lat' dir='ltr'><strong>ab</strong></span> 
     </span>
     <span class='ocr_line' id='line_1_7' title="bbox 81 1074 1122 1195; baseline 0 -48"><span class='ocrx_word' id='word_1_41' title='bbox 81 1166 83 1169; x_wconf 23' lang='grc'><strong>,</strong></span> <span class='ocrx_word' id='word_1_42' title='bbox 159 1083 248 1149; x_wconf 78' lang='lat' dir='ltr'><strong>actis</strong></span> <span class='ocrx_word' id='word_1_43' title='bbox 263 1074 472 1195; x_wconf 74' lang='lat' dir='ltr'><strong>adjunctus,</strong></span> <span class='ocrx_word' id='word_1_44' title='bbox 488 1077 611 1189; x_wconf 88' lang='lat' dir='ltr'><strong>plures</strong></span> <span class='ocrx_word' id='word_1_45' title='bbox 623 1078 711 1151; x_wconf 86' lang='lat' dir='ltr'><strong>mihi</strong></span> <span class='ocrx_word' id='word_1_46' title='bbox 730 1077 852 1179; x_wconf 78' lang='lat' dir='ltr'><strong>legum</strong></span> <span class='ocrx_word' id='word_1_47' title='bbox 862 1077 1022 1151; x_wconf 77' lang='lat' dir='ltr'><strong>rationes</strong></span> <span class='ocrx_word' id='word_1_48' title='bbox 1038 1100 1122 1174; x_wconf 87' lang='lat' dir='ltr'><strong>sup·</strong></span> 
     </span>
    </p>
   </div>
   <div class='ocr_carea' id='block_1_2' title="bbox 140 1188 1121 1430">
    <p class='ocr_par' dir='ltr' id='par_1_3' title="bbox 140 1188 1121 1430">
     <span class='ocr_line' id='line_1_8' title="bbox 157 1188 1121 1317; baseline -0.004 -37"><span class='ocrx_word' id='word_1_49' title='bbox 157 1188 323 1313; x_wconf 78' lang='lat' dir='ltr'><strong>peditare</strong></span> <span class='ocrx_word' id='word_1_50' title='bbox 342 1209 477 1317; x_wconf 83' lang='lat' dir='ltr'><strong>potuit,</strong></span> <span class='ocrx_word' id='word_1_51' title='bbox 497 1225 606 1313; x_wconf 88' lang='lat' dir='ltr'><strong>atque</strong></span> <span class='ocrx_word' id='word_1_52' title='bbox 621 1233 816 1306; x_wconf 80' lang='lat' dir='ltr'><strong>exponere</strong></span> <span class='ocrx_word' id='word_1_53' title='bbox 834 1226 1001 1305; x_wconf 73' lang='lat' dir='ltr'><strong>quaenam</strong></span> <span class='ocrx_word' id='word_1_54' title='bbox 1018 1227 1121 1276; x_wconf 86' lang='lat' dir='ltr'><strong>mens</strong></span> 
     </span>
     <span class='ocr_line' id='line_1_9' title="bbox 140 1327 1025 1430; baseline 0 -29"><span class='ocrx_word' id='word_1_55' title='bbox 140 1327 396 1430; x_wconf 56' lang='grc' dir='ltr'><strong>7Ιοςίεὶαῒοιῆε</strong></span> <span class='ocrx_word' id='word_1_56' title='bbox 381 1357 420 1405; x_wconf 84' lang='lat' dir='ltr'><strong>ru</strong></span> <span class='ocrx_word' id='word_1_57' title='bbox 438 1329 505 1402; x_wconf 87' lang='lat' dir='ltr'><strong>hac</strong></span> <span class='ocrx_word' id='word_1_58' title='bbox 525 1329 632 1407; x_wconf 84' lang='lat' dir='ltr'><strong>illave</strong></span> <span class='ocrx_word' id='word_1_59' title='bbox 655 1328 893 1429; x_wconf 72' lang='lat' dir='ltr'><strong>dispositione</strong></span> <span class='ocrx_word' id='word_1_60' title='bbox 907 1328 1025 1405; x_wconf 89' lang='lat' dir='ltr'><strong>fuerit.</strong></span> 
     </span>
    </p>
   </div>
   <div class='ocr_carea' id='block_1_3' title="bbox 52 1504 1149 3403">
    <p class='ocr_par' dir='ltr' id='par_1_4' title="bbox 105 1504 1126 2244">
     <span class='ocr_line' id='line_1_10' title="bbox 204 1504 1119 1603; baseline 0.011 -28"><span class='ocrx_word' id='word_1_61' title='bbox 204 1507 375 1596; x_wconf 81' lang='lat' dir='ltr'><strong>Quamvis</strong></span> <span class='ocrx_word' id='word_1_62' title='bbox 388 1507 496 1603; x_wconf 80' lang='lat' dir='ltr'><strong>igitur</strong></span> <span class='ocrx_word' id='word_1_63' title='bbox 507 1507 599 1578; x_wconf 82' lang='lat' dir='ltr'><strong>tituli</strong></span> <span class='ocrx_word' id='word_1_64' title='bbox 611 1506 697 1582; x_wconf 78' lang='lat' dir='ltr'><strong>novi</strong></span> <span class='ocrx_word' id='word_1_65' title='bbox 707 1505 846 1581; x_wconf 84' lang='lat' dir='ltr'><strong>codicis</strong></span> <span class='ocrx_word' id='word_1_66' title='bbox 859 1504 1028 1585; x_wconf 78' lang='lat' dir='ltr'><strong>noudum</strong></span> <span class='ocrx_word' id='word_1_67' title='bbox 1043 1506 1119 1585; x_wconf 79' lang='lat' dir='ltr'><strong>viat</strong></span> 
     </span>
     <span class='ocr_line' id='line_1_11' title="bbox 156 1628 1125 1733; baseline -0.004 -25"><span class='ocrx_word' id='word_1_68' title='bbox 156 1630 246 1729; x_wconf 85' lang='lat' dir='ltr'><strong>legis</strong></span> <span class='ocrx_word' id='word_1_69' title='bbox 256 1631 425 1721; x_wconf 82' lang='lat' dir='ltr'><strong>habeant,</strong></span> <span class='ocrx_word' id='word_1_70' title='bbox 441 1649 480 1706; x_wconf 83' lang='lat' dir='ltr'><strong>et</strong></span> <span class='ocrx_word' id='word_1_71' title='bbox 495 1633 580 1708; x_wconf 89' lang='lat' dir='ltr'><strong>ideo</strong></span> <span class='ocrx_word' id='word_1_72' title='bbox 593 1628 741 1711; x_wconf 81' lang='lat' dir='ltr'><strong>-teutum</strong></span> <span class='ocrx_word' id='word_1_73' title='bbox 758 1634 905 1722; x_wconf 77' lang='lat' dir='ltr'><strong>charta,</strong></span> <span class='ocrx_word' id='word_1_74' title='bbox 928 1659 1010 1733; x_wconf 77' lang='lat' dir='ltr'><strong>quae</strong></span> <span class='ocrx_word' id='word_1_75' title='bbox 1030 1633 1125 1732; x_wconf 84' lang='lat' dir='ltr'><strong>legi-</strong></span> 
     </span>
     <span class='ocr_line' id='line_1_12' title="bbox 105 1757 1126 1862; baseline 0.01 -32"><span class='ocrx_word' id='word_1_76' title='bbox 105 1772 111 1785; x_wconf 84' lang='lat'>‘</span> <span class='ocrx_word' id='word_1_77' title='bbox 154 1757 948 1862; x_wconf 79' lang='lat' dir='ltr'><strong>buspromulgaudisinservit(Staatsblad)</strong></span> <span class='ocrx_word' id='word_1_78' title='bbox 968 1761 1042 1837; x_wconf 84' lang='lat' dir='ltr'><strong>Rex</strong></span> <span class='ocrx_word' id='word_1_79' title='bbox 1060 1785 1126 1840; x_wconf 77' lang='lat' dir='ltr'><strong>cos</strong></span> 
     </span>
     <span class='ocr_line' id='line_1_13' title="bbox 156 1885 1120 1999; baseline -0.007 -34"><span class='ocrx_word' id='word_1_80' title='bbox 156 1885 269 1965; x_wconf 79' lang='lat' dir='ltr'><strong>inseri</strong></span> <span class='ocrx_word' id='word_1_81' title='bbox 289 1887 505 1987; x_wconf 59' lang='lat' dir='ltr'><strong>jusserimus</strong></span> <span class='ocrx_word' id='word_1_82' title='bbox 513 1905 650 1983; x_wconf 73' lang='lat' dir='ltr'><strong>partam</strong></span> <span class='ocrx_word' id='word_1_83' title='bbox 651 1890 785 1999; x_wconf 74' lang='lat' dir='ltr'><strong>futuri</strong></span> <span class='ocrx_word' id='word_1_84' title='bbox 795 1889 922 1962; x_wconf 81' lang='lat' dir='ltr'><strong>codicis</strong></span> <span class='ocrx_word' id='word_1_85' title='bbox 930 1887 1120 1987; x_wconf 82' lang='lat' dir='ltr'><strong>efficerent,</strong></span> 
     </span>
     <span class='ocr_line' id='line_1_14' title="bbox 155 2005 1122 2113; baseline -0.005 -21"><span class='ocrx_word' id='word_1_86' title='bbox 155 2028 269 2112; x_wconf 77' lang='lat' dir='ltr'><strong>utque</strong></span> <span class='ocrx_word' id='word_1_87' title='bbox 296 2012 600 2098; x_wconf 77' lang='lat' dir='ltr'><strong>interim.fucilius</strong></span> <span class='ocrx_word' id='word_1_88' title='bbox 613 2013 659 2084; x_wconf 79' lang='lat' dir='ltr'><strong>ad</strong></span> <span class='ocrx_word' id='word_1_89' title='bbox 675 2014 841 2094; x_wconf 82' lang='lat' dir='ltr'><strong>omnium</strong></span> <span class='ocrx_word' id='word_1_90' title='bbox 857 2005 1025 2093; x_wconf 76' lang='lat' dir='ltr'><strong>notitiam</strong></span> <span class='ocrx_word' id='word_1_91' title='bbox 1038 2040 1122 2113; x_wconf 77' lang='lat' dir='ltr'><strong>per,-</strong></span> 
     </span>
     <span class='ocr_line' id='line_1_15' title="bbox 156 2140 1123 2244; baseline -0.005 -24"><span class='ocrx_word' id='word_1_92' title='bbox 156 2141 287 2220; x_wconf 83' lang='lat' dir='ltr'><strong>nenire</strong></span> <span class='ocrx_word' id='word_1_93' title='bbox 313 2155 478 2244; x_wconf 84' lang='lat' dir='ltr'><strong>possent,</strong></span> <span class='ocrx_word' id='word_1_94' title='bbox 490 2168 585 2217; x_wconf 62' lang='lat' dir='ltr'><strong>,eum</strong></span> <span class='ocrx_word' id='word_1_95' title='bbox 603 2157 726 2217; x_wconf 89' lang='lat' dir='ltr'><strong>tamen</strong></span> <span class='ocrx_word' id='word_1_96' title='bbox 744 2140 816 2232; x_wconf 81' lang='lat' dir='ltr'><strong>vix,</strong></span> <span class='ocrx_word' id='word_1_97' title='bbox 835 2156 873 2216; x_wconf 90' lang='lat' dir='ltr'><strong>et</strong></span> <span class='ocrx_word' id='word_1_98' title='bbox 895 2166 943 2214; x_wconf 93' lang='lat' dir='ltr'><strong>ne</strong></span> <span class='ocrx_word' id='word_1_99' title='bbox 964 2141 1021 2216; x_wconf 86' lang='lat' dir='ltr'><strong>vix</strong></span> <span class='ocrx_word' id='word_1_100' title='bbox 1040 2143 1123 2242; x_wconf 86' lang='lat' dir='ltr'><strong>qui·-</strong></span> 
     </span>
    </p>

    <p class='ocr_par' dir='ltr' id='par_1_5' title="bbox 96 2265 1147 2759">
     <span class='ocr_line' id='line_1_16' title="bbox 96 2265 1147 2369; baseline 0.002 -29"><span class='ocrx_word' id='word_1_101' title='bbox 96 2325 99 2330; x_wconf 54' lang='grc'><strong><em>,</em></strong></span> <span class='ocrx_word' id='word_1_102' title='bbox 160 2265 248 2347; x_wconf 86' lang='lat' dir='ltr'><strong>dem</strong></span> <span class='ocrx_word' id='word_1_103' title='bbox 288 2267 493 2349; x_wconf 78' lang='lat' dir='ltr'><strong>verosimile</strong></span> <span class='ocrx_word' id='word_1_104' title='bbox 530 2269 595 2358; x_wconf 89' lang='lat' dir='ltr'><strong>sit,</strong></span> <span class='ocrx_word' id='word_1_105' title='bbox 626 2269 783 2345; x_wconf 89' lang='lat' dir='ltr'><strong>multum</strong></span> <span class='ocrx_word' id='word_1_106' title='bbox 811 2270 848 2341; x_wconf 89' lang='lat' dir='ltr'><strong>in</strong></span> <span class='ocrx_word' id='word_1_107' title='bbox 884 2267 953 2345; x_wconf 91' lang='lat' dir='ltr'><strong>illis</strong></span> <span class='ocrx_word' id='word_1_108' title='bbox 984 2266 1147 2369; x_wconf 82' lang='lat' dir='ltr'><strong>legibus·</strong></span> 
     </span>
     <span class='ocr_line' id='line_1_17' title="bbox 157 2394 1125 2484; baseline 0.004 -16"><span class='ocrx_word' id='word_1_109' title='bbox 157 2408 338 2474; x_wconf 82' lang='lat' dir='ltr'><strong>mutatum</strong></span> <span class='ocrx_word' id='word_1_110' title='bbox 350 2395 419 2484; x_wconf 87' lang='lat' dir='ltr'><strong>iri,</strong></span> <span class='ocrx_word' id='word_1_111' title='bbox 448 2394 594 2479; x_wconf 79' lang='lat' dir='ltr'><strong>decrevi</strong></span> <span class='ocrx_word' id='word_1_112' title='bbox 615 2397 776 2473; x_wconf 88' lang='lat' dir='ltr'><strong>scrihere</strong></span> <span class='ocrx_word' id='word_1_113' title='bbox 789 2399 1061 2473; x_wconf 76' lang='lat' dir='ltr'><strong>demaertmonio.</strong></span> <span class='ocrx_word' id='word_1_114' title='bbox 1074 2424 1125 2472; x_wconf 80' lang='lat' dir='ltr'><strong>se·</strong></span> 
     </span>
     <span class='ocr_line' id='line_1_18' title="bbox 158 2526 1122 2628; baseline -0.006 -25"><span class='ocrx_word' id='word_1_115' title='bbox 158 2529 317 2607; x_wconf 85' lang='lat' dir='ltr'><strong>cundum</strong></span> <span class='ocrx_word' id='word_1_116' title='bbox 335 2555 464 2612; x_wconf 78' lang='lat' dir='ltr'><strong>nouum</strong></span> <span class='ocrx_word' id='word_1_117' title='bbox 479 2529 634 2612; x_wconf 68' lang='lat' dir='ltr'><strong>codicem</strong></span> <span class='ocrx_word' id='word_1_118' title='bbox 645 2530 841 2627; x_wconf 78' lang='lat' dir='ltr'><strong>Belgicam.</strong></span> <span class='ocrx_word' id='word_1_119' title='bbox 855 2527 981 2628; x_wconf 89' lang='lat' dir='ltr'><strong>Itaque</strong></span> <span class='ocrx_word' id='word_1_120' title='bbox 1000 2526 1122 2600; x_wconf 89' lang='lat' dir='ltr'><strong>brevi-</strong></span> 
     </span>
     <span class='ocr_line' id='line_1_19' title="bbox 156 2655 1126 2759; baseline 0 -31"><span class='ocrx_word' id='word_1_121' title='bbox 156 2668 215 2735; x_wconf 82' lang='lat' dir='ltr'><strong>ter</strong></span> <span class='ocrx_word' id='word_1_122' title='bbox 233 2658 428 2748; x_wconf 79' lang='lat' dir='ltr'><strong>enarrabo,</strong></span> <span class='ocrx_word' id='word_1_123' title='bbox 458 2659 635 2757; x_wconf 80' lang='lat' dir='ltr'><strong>quidnam</strong></span> <span class='ocrx_word' id='word_1_124' title='bbox 648 2658 856 2759; x_wconf 86' lang='lat' dir='ltr'><strong>requiretur</strong></span> <span class='ocrx_word' id='word_1_125' title='bbox 871 2655 917 2729; x_wconf 89' lang='lat' dir='ltr'><strong>ad</strong></span> <span class='ocrx_word' id='word_1_126' title='bbox 932 2655 1126 2728; x_wconf 73' lang='lat' dir='ltr'><strong>matrimo-⁴</strong></span> 
     </span>
    </p>

    <p class='ocr_par' dir='ltr' id='par_1_6' title="bbox 52 2780 1149 3403">
     <span class='ocr_line' id='line_1_20' title="bbox 52 2780 1121 2886; baseline -0.001 -31"><span class='ocrx_word' id='word_1_127' title='bbox 52 2847 57 2855; x_wconf 93' lang='lat'>.</span> <span class='ocrx_word' id='word_1_128' title='bbox 156 2783 262 2863; x_wconf 79' lang='lat' dir='ltr'><strong>nium</strong></span> <span class='ocrx_word' id='word_1_129' title='bbox 280 2783 437 2882; x_wconf 85' lang='lat' dir='ltr'><strong>legitime</strong></span> <span class='ocrx_word' id='word_1_130' title='bbox 453 2784 757 2868; x_wconf 87' lang='lat' dir='ltr'><strong>contrahendum,</strong></span> <span class='ocrx_word' id='word_1_131' title='bbox 781 2787 931 2886; x_wconf 87' lang='lat' dir='ltr'><strong>quinam</strong></span> <span class='ocrx_word' id='word_1_132' title='bbox 950 2784 1023 2852; x_wconf 88' lang='lat' dir='ltr'><strong>sint</strong></span> <span class='ocrx_word' id='word_1_133' title='bbox 1043 2780 1121 2880; x_wconf 86' lang='lat' dir='ltr'><strong>ejus</strong></span> 
     </span>
     <span class='ocr_line' id='line_1_21' title="bbox 154 2903 1122 3010; baseline 0.009 -35"><span class='ocrx_word' id='word_1_134' title='bbox 154 2907 309 2985; x_wconf 84' lang='lat' dir='ltr'><strong>effectus</strong></span> <span class='ocrx_word' id='word_1_135' title='bbox 325 2962 345 2998; x_wconf 82' lang='lat'><strong>,-</strong></span> <span class='ocrx_word' id='word_1_136' title='bbox 368 2924 405 2983; x_wconf 87' lang='lat' dir='ltr'><strong>et</strong></span> <span class='ocrx_word' id='word_1_137' title='bbox 435 2907 624 3010; x_wconf 89' lang='lat' dir='ltr'><strong>quomodo</strong></span> <span class='ocrx_word' id='word_1_138' title='bbox 647 2907 905 2996; x_wconf 69' lang='lat' dir='ltr'><strong>dissoluatur,</strong></span> <span class='ocrx_word' id='word_1_139' title='bbox 942 2903 1122 3009; x_wconf 66' lang='lat' dir='ltr'><strong>simulque</strong></span> 
     </span>
     <span class='ocr_line' id='line_1_22' title="bbox 95 3030 1149 3143; baseline 0.002 -33"><span class='ocrx_word' id='word_1_140' title='bbox 95 3030 129 3121; x_wconf 69' lang='lat'><strong>&#39;„</strong></span> <span class='ocrx_word' id='word_1_141' title='bbox 159 3040 346 3114; x_wconf 84' lang='lat' dir='ltr'><strong>additurus</strong></span> <span class='ocrx_word' id='word_1_142' title='bbox 360 3066 440 3114; x_wconf 90' lang='lat' dir='ltr'><strong>sum</strong></span> <span class='ocrx_word' id='word_1_143' title='bbox 453 3040 732 3143; x_wconf 81' lang='lat' dir='ltr'><strong>explicationem</strong></span> <span class='ocrx_word' id='word_1_144' title='bbox 747 3039 867 3140; x_wconf 80' lang='lat' dir='ltr'><strong>legum</strong></span> <span class='ocrx_word' id='word_1_145' title='bbox 882 3037 1125 3138; x_wconf 84' lang='lat' dir='ltr'><strong>quarumdam</strong></span> <span class='ocrx_word' id='word_1_146' title='bbox 1148 3040 1149 3049; x_wconf 73' lang='grc'>’</span> 
     </span>
     <span class='ocr_line' id='line_1_23' title="bbox 157 3162 1122 3265; baseline -0.008 -27"><span class='ocrx_word' id='word_1_147' title='bbox 157 3167 345 3249; x_wconf 87' lang='lat' dir='ltr'><strong>intellectu</strong></span> <span class='ocrx_word' id='word_1_148' title='bbox 361 3167 621 3256; x_wconf 79' lang='lat' dir='ltr'><strong>difficilimum,</strong></span> <span class='ocrx_word' id='word_1_149' title='bbox 643 3181 679 3242; x_wconf 90' lang='lat' dir='ltr'><strong>et</strong></span> <span class='ocrx_word' id='word_1_150' title='bbox 693 3166 778 3245; x_wconf 79' lang='lat' dir='ltr'><strong>loce</strong></span> <span class='ocrx_word' id='word_1_151' title='bbox 802 3162 970 3264; x_wconf 70' lang='lat' dir='ltr'><strong>quaedam</strong></span> <span class='ocrx_word' id='word_1_152' title='bbox 988 3165 1122 3265; x_wconf 70' lang='lat' dir='ltr'><strong>praeci.</strong></span> 
     </span>
     <span class='ocr_line' id='line_1_24' title="bbox 159 3284 1046 3403; baseline 0 -33"><span class='ocrx_word' id='word_1_153' title='bbox 159 3322 232 3403; x_wconf 88' lang='lat' dir='ltr'><strong>pua</strong></span> <span class='ocrx_word' id='word_1_154' title='bbox 246 3294 435 3384; x_wconf 86' lang='lat' dir='ltr'><strong>indicabo,</strong></span> <span class='ocrx_word' id='word_1_155' title='bbox 451 3323 532 3399; x_wconf 72' lang='lat' dir='ltr'><strong>quee</strong></span> <span class='ocrx_word' id='word_1_156' title='bbox 547 3284 567 3373; x_wconf 77' lang='lat' dir='ltr'><strong>a</strong></span> <span class='ocrx_word' id='word_1_157' title='bbox 579 3299 659 3398; x_wconf 86' lang='lat' dir='ltr'><strong>jure</strong></span> <span class='ocrx_word' id='word_1_158' title='bbox 673 3294 812 3377; x_wconf 85' lang='lat' dir='ltr'><strong>Gallico</strong></span> <span class='ocrx_word' id='word_1_159' title='bbox 831 3291 1046 3393; x_wconf 85' lang='lat' dir='ltr'><strong>discrepant..</strong></span> 
     </span>
    </p>
   </div>
   <div class='ocr_carea' id='block_1_4' title="bbox 158 3460 1128 3686">
    <p class='ocr_par' dir='ltr' id='par_1_7' title="bbox 158 3460 1128 3686">
     <span class='ocr_line' id='line_1_25' title="bbox 211 3460 1128 3577; baseline 0.004 -31"><span class='ocrx_word' id='word_1_160' title='bbox 211 3460 493 3567; x_wconf 50' lang='lat' dir='ltr'><strong>Quum‘autem,</strong></span> <span class='ocrx_word' id='word_1_161' title='bbox 536 3476 627 3550; x_wconf 88' lang='lat' dir='ltr'><strong>sicut</strong></span> <span class='ocrx_word' id='word_1_162' title='bbox 652 3475 753 3563; x_wconf 86' lang='lat' dir='ltr'><strong>dixi,</strong></span> <span class='ocrx_word' id='word_1_163' title='bbox 778 3474 943 3577; x_wconf 86' lang='lat' dir='ltr'><strong>materies</strong></span> <span class='ocrx_word' id='word_1_164' title='bbox 963 3473 1128 3550; x_wconf 85' lang='lat' dir='ltr'><strong>nondum</strong></span> 
     </span>
     <span class='ocr_line' id='line_1_26' title="bbox 158 3590 1121 3686; baseline -0.009 -24"><span class='ocrx_word' id='word_1_165' title='bbox 158 3603 309 3664; x_wconf 80' lang='lat' dir='ltr'><strong>tractata</strong></span> <span class='ocrx_word' id='word_1_166' title='bbox 330 3592 391 3679; x_wconf 88' lang='lat' dir='ltr'><strong>sit,</strong></span> <span class='ocrx_word' id='word_1_167' title='bbox 409 3590 498 3663; x_wconf 90' lang='lat' dir='ltr'><strong>nulli</strong></span> <span class='ocrx_word' id='word_1_168' title='bbox 518 3605 622 3665; x_wconf 86' lang='lat' dir='ltr'><strong>erant</strong></span> <span class='ocrx_word' id='word_1_169' title='bbox 653 3605 817 3665; x_wconf 88' lang='lat' dir='ltr'><strong>auctores</strong></span> <span class='ocrx_word' id='word_1_170' title='bbox 837 3644 847 3677; x_wconf 95' lang='lat'><strong>,</strong></span> <span class='ocrx_word' id='word_1_171' title='bbox 876 3611 969 3686; x_wconf 87' lang='lat' dir='ltr'><strong>quos</strong></span> <span class='ocrx_word' id='word_1_172' title='bbox 984 3611 1121 3660; x_wconf 50' lang='lat' dir='ltr'><strong>consu.</strong></span> 
     </span>
    </p>
   </div>
   <div class='ocr_carea' id='block_1_5' title="bbox 158 3711 1134 4088">
    <p class='ocr_par' dir='ltr' id='par_1_8' title="bbox 158 3711 1134 4077">
     <span class='ocr_line' id='line_1_27' title="bbox 158 3711 1121 3818; baseline 0.005 -34"><span class='ocrx_word' id='word_1_173' title='bbox 158 3711 236 3789; x_wconf 91' lang='lat' dir='ltr'><strong>lere</strong></span> <span class='ocrx_word' id='word_1_174' title='bbox 254 3718 367 3816; x_wconf 89' lang='lat' dir='ltr'><strong>potui</strong></span> <span class='ocrx_word' id='word_1_175' title='bbox 387 3721 515 3818; x_wconf 89' lang='lat' dir='ltr'><strong>Itaque</strong></span> <span class='ocrx_word' id='word_1_176' title='bbox 548 3718 655 3798; x_wconf 85' lang='lat' dir='ltr'><strong>unice</strong></span> <span class='ocrx_word' id='word_1_177' title='bbox 679 3716 758 3796; x_wconf 86' lang='lat' dir='ltr'><strong>fere</strong></span> <span class='ocrx_word' id='word_1_178' title='bbox 784 3742 869 3790; x_wconf 88' lang='lat' dir='ltr'><strong>usus</strong></span> <span class='ocrx_word' id='word_1_179' title='bbox 898 3740 1003 3800; x_wconf 88' lang='lat' dir='ltr'><strong>sum,</strong></span> <span class='ocrx_word' id='word_1_180' title='bbox 1035 3740 1121 3793; x_wconf 84' lang='lat' dir='ltr'><strong>cum</strong></span> 
     </span>
     <span class='ocr_line' id='line_1_28' title="bbox 159 3843 1121 3963; baseline 0.001 -47"><span class='ocrx_word' id='word_1_181' title='bbox 159 3845 297 3917; x_wconf 81' lang='lat' dir='ltr'><strong>eximiis</strong></span> <span class='ocrx_word' id='word_1_182' title='bbox 316 3847 555 3937; x_wconf 86' lang='lat' dir='ltr'><strong>orationibus,</strong></span> <span class='ocrx_word' id='word_1_183' title='bbox 564 3847 750 3963; x_wconf 91' lang='lat' dir='ltr'><strong>quibusin</strong></span> <span class='ocrx_word' id='word_1_184' title='bbox 762 3843 1001 3920; x_wconf 87' lang='lat' dir='ltr'><strong>concionibus</strong></span> <span class='ocrx_word' id='word_1_185' title='bbox 1013 3843 1121 3917; x_wconf 91' lang='lat' dir='ltr'><strong>Ordi</strong></span> 
     </span>
     <span class='ocr_line' id='line_1_29' title="bbox 161 3948 1134 4088; baseline 0.011 -47"><span class='ocrx_word' id='word_1_186' title='bbox 161 3995 251 4053; x_wconf 73' lang='lat' dir='ltr'><strong>num</strong></span> <span class='ocrx_word' id='word_1_187' title='bbox 276 3970 524 4084; x_wconf 70' lang='lat' dir='ltr'><strong>generalium}</strong></span> <span class='ocrx_word' id='word_1_188' title='bbox 513 3948 658 4088; x_wconf 65' lang='lat' dir='ltr'><strong>leges}</strong></span> <span class='ocrx_word' id='word_1_189' title='bbox 654 3954 851 4074; x_wconf 61' lang='lat' dir='ltr'><strong>ferendas</strong></span> <span class='ocrx_word' id='word_1_190' title='bbox 855 3967 1134 4063; x_wconf 73' lang='lat' dir='ltr'><strong>conmendavit·</strong></span> 
     </span>
    </p>
   </div>
   <div class='ocr_carea' id='block_1_6' title="bbox 0 0 1302 4724">
    <p class='ocr_par' dir='ltr' id='par_1_9' title="bbox 0 0 1302 4724">
     <span class='ocr_line' id='line_1_30' title="bbox 0 0 1302 4724; baseline 0 2"><span class='ocrx_word' id='word_1_191' title='bbox 0 0 1302 4724; x_wconf 95' lang='lat' dir='ltr'><strong> </strong></span> 
     </span>
    </p>
   </div>
  </div>
 </body>
</html>
