2596 4724
157 436 363 534 requiritur.
385 437 465 508 Art.
487 440 597 509 ttrd.
618 437 670 509 tit.
691 437 756 509 Ν,
779 438 872 523 Hoec,
883 437 973 540 legis
990 437 1117 537 disposs

156 546 238 622 sitio
275 547 503 650 praeferenda
535 550 642 624 nobis
677 552 1009 655 videtutg‘·1,·siirticubo
1048 559 1117 646 148

148 654 246 736 'Coct
264 667 361 758 Nep.⁸
376 662 440 735 ubi
459 663 496 734 in
518 665 642 764 paucis
662 664 784 738 verbis
800 659 980 737 inuenitur
998 693 1118 766 pugna

159 775 366 866 manifesta;
385 777 421 848 in
437 777 616 876 principio
629 778 727 849 enim
741 778 826 879 dicti
838 795 902 850 art.
919 804 1121 852 consensus

160 887 349 988 utriusque
374 892 532 990 parentis
560 891 712 991 exigitur
743 892 794 996 in¹
816 891 961 964 verbis:
989 920 1040 966 ins
1072 921 1118 967 nu

160 1029 316 1080 nervuur
332 1019 531 1080 contractor
544 1011 700 1104 *mariage
718 1033 801 1079 sans
820 1013 851 1081 Ie
866 1021 1122 1081 consentement

159 1117 203 1191 de
218 1125 312 1193 leurs
321 1119 409 1216 pere
421 1135 458 1194 et
476 1119 590 1208 merc,
611 1136 646 1192 et
660 1121 778 1192 statim
795 1120 934 1192 tollitur
953 1121 1028 1209 brec
1040 1122 1117 1218 ipsa

156 1225 342 1328 dispositio
366 1231 510 1302 verbis:
541 1258 584 1302 en
614 1257 690 1310 cas
707 1233 749 1299 de
781 1232 1044 1315 dissentimcnt,
1083 1236 1120 1303 lc

160 1357 417 1413 consentement
438 1366 484 1409 nu
500 1352 586 1411 rtur
610 1364 734 1410 surnr.
764 1337 844 1426 Quo
861 1339 969 1410 servit
983 1341 1123 1413 mentio

161 1453 382 1539 necessitatis
409 1451 606 1525 consensis
622 1449 758 1538 matris,
781 1450 810 1521 si
841 1450 900 1523 bic
925 1475 1125 1524 consensus

161 1576 280 1659 potest
294 1564 410 1636 omitti
426 1567 440 1636 t
458 1591 583 1638 noune
598 1563 765 1660 iniquum
784 1576 852 1648 est,
871 1562 1124 1637 demonstrare

162 1674 367 1763 matribus,
388 1677 547 1776 ipsarum
564 1676 786 1750 voluntatem
815 1677 957 1749 nullum
983 1677 1122 1751 habere

164 1786 352 1873 effectum,
374 1815 461 1858 cum
489 1790 533 1860 sit
553 1815 774 1886 supervacua
800 1791 948 1886 quando
971 1816 1124 1862 eonsen-

163 1897 280 1984 fiunt,
307 1897 442 1970 nullius
465 1899 667 1985 momenti,
696 1900 844 1995 quando
867 1925 904 1970 se
935 1917 1128 1998 opponunt

164 2009 396 2082 matrimonio
425 2009 649 2083 liberorum?
668 2009 780 2116 Multo
796 2010 902 2109 igitur
917 2011 1048 2085 melior
1071 2026 1127 2086 est

164 2124 352 2224 dispositio
379 2124 523 2198 Codicis
551 2125 704 2224 belgici,
729 2150 812 2224 quoe
832 2125 956 2199 liberis
971 2116 1128 2226 imponit

90 2292 91 2296 =
166 2239 424 2338 obligationem
441 2240 590 2336 rogandi
606 2263 824 2312 consensum
841 2238 1028 2337 utriusque
1057 2256 1141 2338 ρει-ἐ

166 2352 294 2438 tentis,
313 2349 378 2422 sed
397 2376 478 2447 quae
494 2349 600 2447 patri,
614 2349 749 2446 quippe
761 2347 869 2444 capiti
882 2347 1049 2436 familiae,
1069 2349 1128 2446 jus

164 2460 301 2548 tribuit,
316 2459 362 2533 de
376 2486 418 2532 ea
432 2459 621 2559 rogatione
635 2454 915 2557 pronunciandi.
931 2461 1029 2556 coras.
1041 2462 1130 2532 Res·

160 2601 265 2673 ponc.
285 2577 335 2647 ad
347 2575 479 2648 observ.
499 2576 533 2646 d.
554 2589 621 2645 art.
643 2599 710 2645 ιι.ν

88 2772 91 2777 -
178 2757 181 2763 ·
216 2735 368 2806 Mortuis
380 2747 481 2832 patre
498 2757 540 2804 ac
556 2746 686 2817 matre,
709 2742 769 2817 aut
787 2726 1013 2800 voluntatem
1027 2753 1130 2802 suam

160 2845 354 2920 ‘declarare
377 2870 453 2916 non
472 2840 691 2928 valentibus,
711 2840 911 2940 requiritur
928 2867 1129 2916 consensus

167 2961 222 3032 avi
244 2958 417 3060 paterni,
452 2982 526 3056 quo
558 2955 665 3027 etiam
694 2951 905 3042 deficiente,
922 2957 1130 3065 consentire
1228 2945 1235 2962 ⁸

168 3075 279 3148 debet
295 3100 380 3147 avus
400 3075 595 3145 maternus.
610 3073 690 3141 Art.
714 3095 766 3140 ta.
788 3069 816 3140 si
838 3068 982 3140 veroin
1001 3084 1131 3141 neutra

101 3275 103 3281 ,
167 3190 264 3263 linea
275 3215 360 3260 avus
376 3201 509 3274 exstat,
527 3185 614 3256 aviae
630 3197 788 3283 paternae
799 3207 998 3257 consensus
1011 3185 1133 3284 requi-

168 3306 260 3379 ritur
275 3361 284 3392 ,
302 3331 344 3376 ae
363 3306 392 3377 si
410 3301 569 3400 denique
589 3298 674 3370 ‹baec
694 3323 841 3397 quoque
861 3296 1019 3385 deficiet,
1040 3299 1152 3386 aviae¹

98 3449 100 3453 ¹
167 3434 355 3494 maternae.
372 3417 452 3490 Art.
478 3415 531 3487 13.

108 3612 110 3616 >
168 3585 178 3603 ’
215 3563 341 3637 Liberi
353 3559 502 3662 legitimi
519 3615 528 3646 ,
549 3565 838 3658 quorumzpoter
853 3569 889 3630 et
903 3569 1019 3628 mater
1035 3611 1043 3640 ‚
1060 3543 1131 3628 nec

169 3703 245 3750 non
265 3678 346 3763 avi,
368 3674 527 3772 auiaeque
546 3670 681 3741 mortui
706 3682 805 3758 sunt,
827 3683 888 3740 aut
908 3666 1133 3756 voluntatem

169 3788 270 3862 suam
284 3788 386 3860 nulio
399 3783 509 3858 modo
521 3782 706 3855 declarare
718 3796 886 3881 possunt,
901 3793 983 3853 ante
996 3774 1133 3862 annum'

157 3902 283 3976 'oetatis
317 3902 530 3975 uicesimum
547 3899 711 3984 tertium,
740 3896 883 3997 nuptias
916 3892 1132 3970 contrahere

167 4029 375 4118 nequeunt,¹
391 4014 460 4088 nisi
473 4011 584 4088 'venia
599 4010 641 4089 iis
658 4010 727 4089 hac
743 4006 792 4083 'de
808 4033 849 4086 re
862 4010 1036 4087 concessa
1051 4008 1095 4084 sit
1109 4011 1132 4088 tt
