2596 4724
598 309 727 404 (5⁰)

97 442 105 459 '
168 426 306 538 inquiri
319 437 448 528 debet,
462 421 762 512 utrumdebitum
772 449 857 509 ante
867 435 1142 510 matrimonium

167 551 213 624 sit
241 566 492 637 contractum,
513 580 561 623 an
587 579 677 625 vero
701 566 800 652 post;
821 551 996 650 quoniam
1025 549 1143 646 priori

167 692 255 739 casu
281 668 495 740 communio
524 667 586 740 de
582 694 636 741 eo
664 678 827 738 tenetur
837 668 932 754 (Art.
952 666 996 751 6,
1015 665 1139 760 rt⁰11);

166 782 363 880 posteriori
384 798 506 856 autem
522 782 672 854 maritus
691 778 784 851 illud
808 778 998 853 solvendo
1004 777 1142 907 ratiha-

167 894 288 969 buisse
305 912 486 970 censetur.

214 1050 572 1126 Desuccessionibus
585 1050 776 1149 sequentia
790 1062 874 1122 sunt
886 1047 1117 1121 observanda
1132 1075 1141 1121 :
1205 1132 1207 1136 .

220 1216 264 1271 1⁰.
278 1200 312 1271 Si
327 1199 479 1298 quidem
495 1201 586 1298 pure
608 1200 756 1272 mobilis
773 1201 817 1271 sit
833 1199 1039 1284 successio,
1059 1224 1145 1296 quae

167 1314 330 1389 alterutri
350 1313 505 1415 conjugi,
524 1313 716 1401 obveniat,
746 1313 869 1387 debita
896 1312 978 1385 talis
999 1336 1145 1384 succes-

124 1472 126 1476 *
166 1427 278 1500 sionis
290 1429 430 1527 integra
442 1428 655 1500 communio
667 1427 810 1499 solvere
825 1441 982 1516 tenetur,
1001 1427 1140 1525 quippe

166 1541 211 1612 ad
228 1557 340 1639 quam
353 1567 463 1614 omne
476 1540 620 1611 lucrum
636 1539 744 1638 hujus
759 1541 812 1612 rei
827 1541 995 1638 pertinet.
1012 1543 1090 1614 Art.
1107 1545 1142 1614 8.
1218 1572 1222 1576 ⁴

74 1672 77 1676 ’
164 1654 227 1743 Sin
252 1680 342 1726 vero
374 1651 467 1750 pure
503 1653 547 1723 sit
582 1653 781 1725 immobilis
816 1655 1017 1742 successim
1048 1657 1143 1729 illius

164 1795 280 1844 onera
291 1793 369 1839 non
385 1767 423 1838 in
440 1767 745 1840 communionem
758 1768 926 1855 veniunt,
942 1767 1044 1842 salvo
1061 1768 1144 1867 jure

163 1883 414 1969 creditorum,
447 1880 503 1980 jus
524 1881 683 1953 suumin
715 1883 791 1982 ipsa
819 1880 919 1954 bona
939 1883 1144 1957 immobilia

163 1994 404 2069 successionis
425 1992 682 2092 persequendi.
700 1995 782 2065 Art.
802 2021 826 2090 9
847 1994 912 2086 (⁴⁸).

184 2227 190 2234 ,
211 2157 380 2226 Attamen
402 2152 430 2245 si
450 2151 582 2220 marito
596 2150 775 2246 ejusmodi
808 2157 991 2227 successio
1029 2160 1145 2232 conti.

163 2267 276 2366 gerit,
299 2261 500 2336 creditores
521 2265 630 2335 etiam
657 2266 858 2339 convenire
881 2286 1040 2365 possunt
1063 2272 1141 2346 sive

161 2383 262 2457 bona
276 2381 424 2482 propria
436 2381 572 2469 mariti,
590 2381 663 2455 sive
677 2381 788 2455 etiarn
799 2380 901 2457 bona
914 2388 1143 2461 communio·

161 2497 218 2570 nis
228 2522 329 2601 quo
345 2509 469 2568 tamen
486 2495 614 2567 ultimo
634 2521 719 2567 casu
740 2497 922 2570 indemnis
939 2500 1143 2597 praestanda
1237 2502 1239 2507 ⁴

161 2626 216 2685 est
232 2636 341 2696 uuor
364 2633 486 2708 elusvc
502 2606 672 2680 heredes
686 2594 724 2681 'd
742 2624 812 2681 art.
830 2637 864 2711 9

210 2790 256 2842 2⁰.
291 2772 326 2839 Si
365 2796 460 2841 uxor
494 2796 678 2844 consensu
714 2772 836 2843 mariti
866 2776 1139 2850 successionem

159 2883 251 2986 pure
268 2881 499 2952 immobilem
512 2881 634 2969 adeat,
651 2883 854 2956 creditores
880 2890 1004 2959 omnia
1040 2887 1143 2963 bona

199 3285 241 3362 (ἢ
263 3283 505 3364 Quaeripossit,
523 3304 619 3366 quare
635 3283 808 3345 creditores
824 3283 871 3364 jus
882 3282 1017 3345 habeant
1030 3308 1141 3348 conve·

66 3408 71 3417 ·
157 3378 265 3443 niendi
283 3380 418 3463 integras
439 3400 490 3440 res
509 3380 687 3442 immobiles
712 3381 934 3455 successionis,
952 3400 1024 3441 curn
1045 3396 1140 3461 supra

69 3506 71 3510 ⁸
133 3545 134 3548 Ἴ
155 3477 311 3551 vidimus,
340 3497 449 3536 earum
472 3477 593 3538 fructus
611 3478 642 3535 in
665 3474 920 3538 communionem
935 3478 1063 3540 venire?
1085 3476 1141 3536 sed

159 3571 346 3654 responderi
367 3582 488 3651 petest,
517 3588 570 3632 e‘os
595 3573 732 3644 fructus,
761 3584 929 3654 antequam
956 3572 995 3632 ad
1018 3592 1140 3635 succes.

157 3669 279 3743 rientem
307 3670 519 3750 pertinerent,
540 3668 763 3730 ‘creditoribus
786 3671 956 3731 securitati·
968 3669 1083 3744 fuisse,
1100 3691 1143 3730 aes

157 3764 300 3823 alienum
320 3765 458 3826 defuncti
474 3766 610 3826 solutum
628 3766 668 3827 iri
685 3792 693 3842 ς
715 3765 808 3848 hujus
821 3775 925 3826 autern
941 3775 1076 3827 mortem
1093 3766 1141 3849 jus
1196 3778 1199 3782 ’

156 3861 352 3919 creditorum
382 3861 469 3921 nullo
509 3860 603 3921 niodo
634 3884 726 3944 posse
761 3862 921 3933 minuere,
950 3859 1141 3944 fructusque

144 3948 251 4034 'igitur
266 3954 306 4014 ad
333 3955 481 4018 heredem
497 3979 559 4018 non
577 3958 765 4034 transmitti,
780 3955 839 4016 nisi
853 3976 925 4016 cum
939 3957 1138 4066 conditione,

118 4129 122 4139 .
156 4048 286 4112 atinde
304 4050 410 4114 debita
425 4054 597 4120 solvantur.
610 4088 650 4102 -
