2596 4724
230 436 316 514 Non
336 456 478 517 tantum
496 446 802 520 communionem
820 445 972 524 maritus
991 445 1161 526 adminis·

181 564 268 645 trat‚
288 574 418 631 verum
438 560 546 633 etiam
566 561 692 634 omnia
710 562 831 652 hona,
852 567 936 662 quae
955 566 1059 638 uxori
1074 593 1160 666 pro-

178 668 259 766 pria
289 687 394 760 sunt,
430 671 515 746 hinc
546 673 646 746 solus
676 673 846 773 persequi
878 690 999 775 potest
1029 702 1159 753 omnes

178 786 341 860 actiones
369 789 608 887 possessorias
631 789 772 877 uxoris,
803 815 961 890 quaeque
993 807 1159 892 spectant

176 897 253 996 ejus
271 891 329 971 res
349 898 516 971 mobiles.
537 902 620 975 Art.
643 903 702 975 23.
723 902 779 976 De
800 903 919 976 mariti
942 921 1065 979 autem
1083 932 1157 1009 po·-
1212 960 1214 965 -

174 1029 304 1086 testate
321 1014 418 1087 circa
438 1013 537 1088 bona
551 1018 691 1104 uxoris,
708 1031 903 1116 sequentes
919 1019 1055 1121 regulae
1071 1034 1157 1121 sunt

177 1126 445 1202 observandae:

225 1304 269 1357 1⁰.
296 1290 380 1362 Non
400 1301 520 1388 potest
538 1287 699 1363 alienare
712 1287 918 1364 immobilia
932 1291 1055 1367 uxoris
1073 1293 1154 1366 sine

169 1399 248 1502 ejus
265 1428 459 1475 consensu.
481 1398 519 1474 d}
535 1419 603 1476 art.
625 1404 685 1476 25.

221 1577 268 1631 2⁰.
293 1562 456 1631 Tenetur
471 1559 517 1630 de
539 1564 639 1632 omni
667 1561 910 1653 detrimenta,
928 1565 1032 1666 quod
1050 1566 1153 1640 bona

170 1671 276 1743 uxori
306 1672 456 1771 propria
482 1696 587 1768 passa
617 1689 700 1748 sunt
720 1674 869 1749 defectu
898 1693 1062 1768 actuum,
1087 1681 1153 1780 qui
1185 1697 1187 1701 '

168 1783 326 1860 tendunt
355 1784 402 1856 ad
441 1785 502 1857 illa
537 1791 791 1861 conservanda
828 1805 938 1893 atque
966 1793 1150 1870 curanda.

167 1903 260 1988 Eud,
282 1915 351 1972 art.

214 2068 263 2138 3⁰.
289 2065 324 2135 Si
344 2062 441 2137 solus
461 2062 611 2135 maritus
638 2063 740 2135 bona
766 2068 908 2156 uxoris,
937 2069 976 2140 in
1005 2069 1150 2169 longius

164 2197 324 2278 tempus,
346 2202 459 2274 eruam
486 2200 620 2247 novem
637 2201 822 2249 annorum
850 2178 1047 2266 locaverit,
1067 2181 1148 2257 haec
1189 2239 1190 2242 ,

161 2293 320 2380 locatio,
353 2289 528 2364 dissoluta
562 2289 854 2381 communione,
894 2318 972 2365 non
1006 2293 1146 2395 obligat

162 2414 338 2495 uxo'rem,
371 2403 494 2506 ejusve
526 2403 704 2495 heredes,
741 2406 811 2480 nisi
844 2434 914 2510 pro
952 2402 1140 2511 tempore,

162 2523 267 2629 quod
285 2546 437 2598 currere
457 2517 575 2592 adhuc
597 2517 710 2592 debet
727 2546 845 2620 usque
861 2521 1050 2610 adfinem,
1067 2525 1144 2599 sive

161 2640 291 2742 primae
322 2631 466 2738 periodi
504 2658 641 2705 novem
673 2659 869 2723 annorum,
906 2635 937 2708 si
973 2633 1144 2709 nondum

160 2755 310 2852 impleta
331 2763 402 2836 est,
423 2747 498 2825 sive
526 2744 727 2835 secundae,
751 2762 787 2821 et
808 2750 860 2822 sic
882 2774 1016 2848 porro,
1037 2748 1085 2823 ita
1103 2763 1145 2823 ut

159 2864 365 2942 conductor
388 2874 528 2934 tantum
556 2856 614 2954 jus
644 2858 800 2946 habeat,
834 2860 1011 2957 implendi
1034 2888 1141 2937 usum

60 3021 64 3030 ⁴
157 2977 336 3081 temporis
361 2997 497 3048 novem
517 2994 698 3040 annorum
712 3025 721 3056 ,
736 2971 801 3068 qui
830 2970 949 3045 adhuc
972 2991 1136 3049 currunt.

158 3100 238 3170 Art.
263 3096 319 3184 alp.
341 3091 376 3163 Si
399 3098 522 3159 autem
537 3081 635 3154 solus
650 3080 817 3172 marituS,
837 3083 1029 3184 praedium
1050 3113 1138 3160 rus-

158 3209 272 3280 ticum
292 3201 416 3272 uxoris
435 3212 519 3268 ante
537 3202 676 3266 annum
689 3196 855 3285 tertium,
873 3196 1027 3272 domum
1041 3224 1134 3276 vero

159 3330 244 3389 ante
259 3307 463 3387 secuudum
482 3334 641 3396 annum,
661 3309 874 3410 priusquam
889 3310 1081 3415 impletum
1092 3314 1138 3386 sit

156 3420 1137 3531 tempuslucationis,quodcurrit,siveeidemconduc·

156 3546 244 3631 tori,
258 3543 333 3618 sive
347 3539 405 3611 alii
422 3538 458 3609 in
470 3564 606 3612 novem
620 3565 752 3627 anuos,
767 3553 828 3612 aut
841 3543 951 3615 etiam
963 3542 1000 3613 in
1012 3541 1133 3618 miuus

154 3659 312 3762 spatium
327 3654 518 3741 locaverit,
532 3655 624 3727 haec
642 3654 777 3730 locatio
796 3656 931 3730 nullius
953 3660 1131 3732 momenti

155 3789 230 3862 est,
247 3771 315 3843 nisi
328 3769 406 3869 ejus
427 3769 611 3842 exsecutio
626 3769 797 3844 inchoata
815 3771 860 3844 sit
878 3785 961 3842 aute
977 3770 1133 3847 dissolu·

152 3904 228 3962 tam
245 3884 653 3961 communionem.·rlrt.
679 3889 733 3959 25.

199 4052 257 4125 Ex
273 4046 444 4125 omnibus
461 4049 522 4138 iis,
539 4072 635 4149 quae
650 4045 824 4122 hactenus
840 4045 1013 4143 diximus,
1029 4064 1130 4153 patet
