2596 4724
574 326 661 425 (73
688 276 716 419 t

159 448 293 528 Valent
300 454 357 527 hae
370 455 590 531 donationes
601 454 682 528 sine
695 456 946 556 acceptatione
961 482 1130 559 expressa

157 569 352 658 donatarii;
380 573 456 644 Art.
477 577 539 661 28,
566 573 746 671 quoniam
772 570 972 646 celebratio
999 572 1131 646 matri-
1241 576 1247 587 '

156 683 273 756 monii
288 685 534 786 acceptationi
548 683 931 784 aequiparaturfPorro
943 683 1033 756 illud
1044 709 1132 785 pro·

156 796 280 894 prium
299 796 436 874 habeat
461 797 643 900 ejusmodi
665 796 902 886 donationes,
919 798 1024 898 quod
1051 796 1132 899 fieri

156 930 311 1011 possunt
341 916 408 990 sub
440 915 734 1004 conditionibus,
758 942 919 1017 quarum
945 914 1131 989 exsecutio

157 1027 332 1124 pendete
354 1030 544 1104 voluntate
563 1029 776 1117 donatoris;
799 1056 873 1129 qua
893 1031 931 1102 in
951 1056 993 1102 rc
1010 1055 1032 1101 a
1049 1028 1132 1129 jure

157 1143 344 1213 communi
369 1159 423 1215 est
447 1141 666 1216 aberratum·
681 1142 720 1212 in
740 1139 910 1215 favorem
937 1139 1133 1214 matrimo-

156 1250 328 1343 niorum3
355 1278 464 1351 saepe
492 1254 593 1325 enim
617 1250 777 1324 donator
807 1249 990 1347 ejusmodi
1014 1251 1135 1324 dona·

156 1362 275 1434 tiones
294 1361 417 1436 facere
440 1360 650 1451 dubitaret,
668 1360 737 1433 nisi
759 1360 827 1460 ipsi
851 1360 979 1435 liceret
998 1362 1134 1435 condi-

155 1473 276 1547 tiones
307 1471 462 1564 addere,
488 1502 571 1576 quae
596 1503 617 1548 a
648 1475 837 1549 voluntate
869 1475 1133 1576 suspendent.

159 1588 197 1662 V
192 1590 241 1661 id.
260 1591 432 1686 Respons.
448 1592 499 1663 ad
510 1590 643 1664 observ.
660 1607 728 1663 art.
751 1617 809 1690 29.

203 1733 431 1812 Donationes
461 1736 533 1807 illae
560 1737 759 1809 consistere
788 1754 957 1834 possunt,
987 1740 1062 1814 sive
1093 1741 1133 1812 in

156 1843 268 1917 bonis
297 1847 540 1944 praesentibus
560 1860 668 1944 atque
693 1847 732 1916 in
756 1846 1005 1920 instrumento
1036 1850 1132 1922 defi-

156 1960 259 2046 nitis,
278 1961 404 2034 sivein
424 1960 676 2048 successione,
691 1958 751 2032 vel
769 1974 870 2059 parte
890 1963 1132 2038 successionis

157 2074 359 2150 donatoris.
380 2078 459 2151 Art.
481 2102 538 2177 27.
561 2077 684 2168 Quum
704 2075 867 2150 inbonis
888 2078 1133 2176 praesentibus

157 2202 267 2288 atque
283 2188 441 2264 definitis
454 2190 675 2280 consistunt,
690 2216 767 2265 non
780 2206 933 2291 possunt
943 2192 1133 2284 revocari,

157 2300 226 2372 nisi
239 2317 455 2401 propterca,
468 2302 571 2399 quod
586 2327 664 2372 non
679 2304 752 2373 sint
764 2303 935 2400 impletae
954 2308 1131 2404 conditio·

156 2436 239 2502 nes;
254 2412 306 2506 θ’)
322 2437 437 2510 quum
449 2434 540 2483 vero
557 2409 747 2482 donatoris
763 2412 963 2499 successi0,
976 2414 1034 2484 vel
1047 2442 1131 2515 pars

158 2523 398 2597 successionis
413 2521 550 2598 donata
566 2525 629 2613 sit,
642 2523 722 2597 haec
735 2523 885 2599 donatio
900 2524 971 2598 hoc
987 2539 1131 2602 tantum

157 2661 268 2710 sensu
288 2638 461 2710 revocari
479 2637 626 2737 nequit,
647 2654 687 2710 ut
706 2635 866 2712 donator
889 2636 936 2709 de
961 2636 1074 2712 rebus
1092 2638 1131 2711 in

157 2749 360 2826 donatione
378 2751 651 2854 comprehensis
667 2775 744 2824 non
761 2749 916 2852 amplius
936 2751 1041 2828 titulo
1054 2781 1132 2856 gra·

157 2866 250 2939 tuito
262 2864 456 2967 disponere
472 2867 596 2968 possit,
612 2867 772 2967 exceptis
787 2866 942 2944 modicis
957 2871 1129 2961 summis,

158 3005 241 3082 quae
273 2966 535 3055 remunerandi
568 2982 683 3082 gratid
716 2981 866 3072 dantur,
892 2983 950 3056 vel
980 3001 1132 3084 propter

159 3095 244 3166 alias
272 3120 418 3182 causas,
435 3120 517 3194 quae
537 3094 687 3168 arbitrio
703 3092 834 3193 judicis
857 3095 1130 3196 relinquuntur.

159 3209 239 3279 Art.
264 3209 323 3281 31.
356 3209 476 3280 Etiam
506 3220 657 3307 propter
695 3231 771 3278 non
796 3205 963 3308 impletas
994 3206 1130 3284 condi-

159 3322 298 3407 tiones,
327 3319 507 3421 ejusmodi
530 3320 748 3394 donationes
773 3337 926 3423 possunt
949 3325 1128 3399 revocari.
1205 3411 1208 3423 Ι

159 3437 247 3509 Eod.
268 3449 337 3507 art.
1186 3439 1189 3445 ’

203 3752 243 3829 (⁶)
267 3755 358 3817 Reate
370 3750 522 3835 ejusmodi
538 3751 721 3814 donationes
741 3775 805 3816 non
827 3763 958 3836 propter
972 3751 1132 3833 ingratam
1245 3820 1248 3828 ,

107 3868 110 3872 ·
161 3850 301 3909 anianum
314 3860 513 3913 revocantur.
527 3849 609 3909 Talis
623 3848 709 3910 enim
722 3850 849 3911 donatio
865 3869 977 3910 revera
994 3863 1042 3915 est
1056 3858 1133 3914 con·

161 3955 282 4008 tractus
296 3970 304 4020 3
326 3947 464 4029 ingratas
490 3954 594 4007 autem
607 3945 729 4010 animas
745 3968 808 4010 non
833 3956 881 4009 est
894 3947 1027 4026 modas,
1063 3970 1126 4034 quo

162 4051 345 4106 contractas
358 4043 583 4110 dissolvantur.
595 4075 636 4088 ·-

944 4143 975 4216 L
