2596 4724
596 375 723 469 (3⁰)

173 493 292 592 rumpi
324 493 456 568 debeat
483 497 553 569 hoc
585 499 871 590 matrimonium3
889 502 1009 571 omnia
1030 501 1139 600 igitur

171 630 192 672 a
223 606 448 704 temporibus
492 608 688 708 pendent,
728 635 887 708 quorum
926 609 1136 709 dijudicatio

170 718 604 823 judiciestrelinquenda,
618 727 691 796 nid.
705 726 876 821 Respons.
897 727 947 797 ud
965 725 1134 799 observat.

169 835 250 904 Art.
272 835 330 906 66.
350 833 457 924 Quod
482 849 604 905 autem
627 833 779 907 diximus
802 836 1074 910 matrimonium
1098 840 1136 909 in

170 944 311 1017 casibus
328 947 545 1018 enumeratis
559 948 763 1046 impugnari
778 973 884 1046 posse
902 947 949 1020 ab
965 948 1136 1021 omnibus

170 1055 231 1146 iis,
251 1083 408 1154 quorum
426 1060 599 1146 interest,
619 1059 687 1132 hoe
705 1059 752 1135 ita
770 1075 821 1130 est
838 1057 1114 1160 intelligendtun
1125 1116 1143 1149 ,-

168 1182 207 1239 ut
223 1172 384 1269 cognatis
399 1169 685 1260 collateralibus,
708 1170 831 1243 liberis
851 1195 894 1241 ex
913 1170 986 1242 alio
1006 1173 1135 1242 matri-

167 1285 292 1356 monio
310 1285 529 1385 procreatis,
558 1300 664 1387 atque
689 1284 866 1358 extraneis
885 1283 959 1356 'hoe
982 1283 1038 1382 jus
1059 1308 1135 1355 non

166 1412 374 1498 competat,
394 1397 568 1497 quamdiu
588 1398 699 1471 ambo
718 1398 892 1497 conjuges
908 1401 1050 1484 vivunt,
1071 1397 1135 1471 sed

165 1524 252 1583 tune
286 1511 451 1599 demum,
490 1511 638 1610 quando
676 1510 750 1610 jam
779 1510 879 1583 adest
914 1537 1041 1598 causa,
1067 1537 1133 1612 cur

166 1647 295 1692 eorum
307 1623 463 1709 intersit,
481 1625 624 1722 nuptias
643 1622 759 1694 nullas
776 1622 963 1710 declarari,
983 1622 1058 1693 Art.
1073 1625 1131 1722 67.

164 1733 264 1805 Haec
289 1734 478 1835 dispositio
508 1761 528 1809 e
558 1734 696 1810 Codice
725 1735 862 1810 Gallico
887 1739 995 1833 (Art.
1025 1740 1132 1835 187),

164 1845 344 1936 desumta,
362 1874 382 1917 a
400 1848 533 1921 nostris
552 1847 817 1949 legislatoribus
842 1850 879 1921 in
900 1876 1036 1923 novum
1056 1851 1132 1922 Co-

163 1959 284 2057 dicem
292 1974 344 2033 est
357 1965 580 2062 transcripta,
596 1962 641 2035 ad
652 1961 815 2034 vitandas
827 1962 1130 2049 innumeraslites,

164 2075 297 2172 quibus
311 2075 475 2174 alioquin
491 2074 585 2145 avidi
604 2075 845 2164 collaterales,
863 2076 1036 2174 conjuges
1055 2075 1132 2149 feli'·
1156 2120 1158 2125 ·

161 2188 252 2258 citer
277 2210 403 2258 seeum
428 2185 584 2258 invicem
614 2184 795 2272 viventeS,
825 2201 976 2286 propter
1003 2210 1129 2259 causas

161 2296 388 2396 pecuniarias
399 2296 570 2388 ,sordide
585 2296 737 2372 turbare
751 2300 947 2371 studerent.
963 2299 1008 2368 Hi
1025 2299 1131 2398 igitur

160 2425 249 2484 tune
264 2411 414 2485 demum
425 2439 532 2514 agere
544 2428 713 2512 possunt,
738 2411 886 2513 quando
901 2411 1024 2501 liberi,
1036 2439 1132 2512 quos
1150 2415 1152 2419 ’

162 2546 205 2598 ex
230 2526 418 2627 irregulari
443 2524 684 2599 matrimonio
704 2542 806 2600 natos
823 2528 1042 2615 existimant,
1070 2526 1127 2598 vel

160 2638 296 2739 conjnx
327 2634 487 2734 defuncti
523 2638 687 2739 cognati,
720 2636 827 2736 hujus
860 2637 1128 2711 successionem

160 2775 341 2848 occupare
358 2752 472 2847 parati
499 2758 592 2825 sunt.
620 2753 699 2825 Vid.
720 2752 890 2848 Respons.
921 2754 970 2824 ad
994 2750 1128 2828 Obser-

160 2877 228 2934 ναι.
250 2856 331 2932 Art.
351 2862 411 2958 67.
438 2861 547 2950 Quod
573 2875 696 2932 autem
725 2865 854 2933 attinet
879 2863 924 2930 ad
947 2862 1085 2934 liberos
1107 2889 1127 2934 e

158 2974 272 3076 priori
303 2973 535 3047 matrimonio
563 2987 790 3073 procreatos,
819 2973 970 3045 omnino
994 2959 1151 3045 secun-¹

162 3089 249 3162 dum
266 3088 522 3186 reverentiam,
538 3113 649 3188 quam
662 3087 873 3188 parentibus
888 3085 1036 3172 debent,
1057 3103 1128 3160 sta·
1152 3152 1156 3157 .

159 3217 277 3274 tutum
294 3219 363 3289 est,
383 3229 430 3274 ne
449 3202 614 3274 odiosam
626 3203 809 3273 actionem
829 3217 957 3274 contra
969 3202 1128 3273 viventes

160 3342 223 3390 eos
242 3316 348 3390 liberi
369 3333 517 3417 possent
534 3317 729 3390 instituere.
751 3317 861 3392 Recte
885 3319 992 3417 igitur
1008 3317 1066 3390 lex
1085 3317 1127 3389 iis
1146 3360 1152 3373 ·

158 3431 338 3538 concessit
369 3429 576 3503 facultatem
598 3430 856 3533 praeveniendi
876 3430 1029 3516 factum,
1048 3444 1124 3529 quo

157 3561 325 3646 parentes
347 3546 507 3618 criminis
524 3548 577 3620 rei
597 3546 744 3620 fierent:
758 3549 839 3620 Art.
862 3532 919 3640 34.
937 3543 1006 3618 Sed
1023 3541 1122 3615 recte

66 3746 70 3750 Ι
157 3660 282 3748 etiam,
298 3662 325 3734 si
341 3660 451 3734 semel
470 3657 609 3734 facinus
631 3677 864 3760 perperatum
886 3672 961 3746 est,
994 3653 1135 3729 eadem-

127 3826 132 3837 .
155 3772 234 3861 lex,
252 3774 371 3848 donee
382 3776 506 3848 vivunt
518 3787 703 3873 parentes,
718 3798 866 3847 omnem
879 3769 1003 3842 liberis
1014 3771 1127 3844 aetio·

157 3913 244 3965 nem
264 3888 307 3960 ad
325 3887 614 3990 impugnandum
627 3885 899 3962 matrimonium
917 3885 1124 3986 denegavit,

163 4081 168 4089 ¹
203 4004 412 4076 Posterioris
424 4001 566 4100 generis
579 4026 700 4105 casus,
717 3997 849 4099 quibus
868 3998 1002 4073 scilieet
1018 3998 1125 4072 certis

831 4118 840 4145 ,
1119 4119 1122 4125 .
