<?xml version="1.0" encoding="UTF-8"?>
<!DOCTYPE html PUBLIC "-//W3C//DTD XHTML 1.0 Transitional//EN"
    "http://www.w3.org/TR/xhtml1/DTD/xhtml1-transitional.dtd">
<html xmlns="http://www.w3.org/1999/xhtml" xml:lang="en" lang="en">
 <head>
  <title>
</title>
<meta http-equiv="Content-Type" content="text/html;charset=utf-8" />
  <meta name='ocr-system' content='tesseract 3.04.00' />
  <meta name='ocr-capabilities' content='ocr_page ocr_carea ocr_par ocr_line ocrx_word'/>
</head>
<body>
  <div class='ocr_page' id='page_1' title='image "./dematrimoniosec00assegoog_0093.png"; bbox 0 0 2596 4724; ppageno 0'>
   <div class='ocr_carea' id='block_1_1' title="bbox 217 473 850 572">
    <p class='ocr_par' dir='ltr' id='par_1_1' title="bbox 217 473 850 572">
     <span class='ocr_line' id='line_1_1' title="bbox 217 473 850 572; baseline -0.008 -18"><span class='ocrx_word' id='word_1_1' title='bbox 217 499 263 554; x_wconf 75' lang='grc' dir='ltr'><strong>ι’.</strong></span> <span class='ocrx_word' id='word_1_2' title='bbox 289 477 510 553; x_wconf 88' lang='lat' dir='ltr'><strong>Communio</strong></span> <span class='ocrx_word' id='word_1_3' title='bbox 525 473 756 561; x_wconf 87' lang='lat' dir='ltr'><strong>universalis;</strong></span> <span class='ocrx_word' id='word_1_4' title='bbox 848 569 850 572; x_wconf 8' lang='lat' dir='ltr'>y</span> 
     </span>
    </p>
   </div>
   <div class='ocr_carea' id='block_1_2' title="bbox 94 606 930 704">
    <p class='ocr_par' dir='ltr' id='par_1_2' title="bbox 94 606 930 704">
     <span class='ocr_line' id='line_1_2' title="bbox 94 606 930 704; baseline -0.008 -10"><span class='ocrx_word' id='word_1_5' title='bbox 94 684 97 694; x_wconf 92' lang='lat'><strong>.</strong></span> <span class='ocrx_word' id='word_1_6' title='bbox 210 645 261 700; x_wconf 80' lang='lat'><strong>2⁰.</strong></span> <span class='ocrx_word' id='word_1_7' title='bbox 281 623 504 700; x_wconf 87' lang='lat' dir='ltr'><strong>Communio</strong></span> <span class='ocrx_word' id='word_1_8' title='bbox 521 621 615 693; x_wconf 89' lang='lat' dir='ltr'><strong>lucri</strong></span> <span class='ocrx_word' id='word_1_9' title='bbox 634 635 670 691; x_wconf 90' lang='lat' dir='ltr'><strong>et</strong></span> <span class='ocrx_word' id='word_1_10' title='bbox 688 615 835 704; x_wconf 90' lang='lat' dir='ltr'><strong>damni;</strong></span> <span class='ocrx_word' id='word_1_11' title='bbox 922 606 930 623; x_wconf 58' lang='lat'><strong>¹</strong></span> 
     </span>
    </p>
   </div>
   <div class='ocr_carea' id='block_1_3' title="bbox 135 761 981 848">
    <p class='ocr_par' dir='ltr' id='par_1_3' title="bbox 135 761 981 848">
     <span class='ocr_line' id='line_1_3' title="bbox 135 761 981 848; baseline -0.022 2"><span class='ocrx_word' id='word_1_12' title='bbox 135 804 137 808; x_wconf 88' lang='lat'>·</span> <span class='ocrx_word' id='word_1_13' title='bbox 210 776 261 848; x_wconf 88' lang='lat'><strong>3⁰.</strong></span> <span class='ocrx_word' id='word_1_14' title='bbox 287 772 509 847; x_wconf 89' lang='lat' dir='ltr'><strong>Communio</strong></span> <span class='ocrx_word' id='word_1_15' title='bbox 527 768 715 840; x_wconf 86' lang='lat' dir='ltr'><strong>fructuum</strong></span> <span class='ocrx_word' id='word_1_16' title='bbox 732 779 768 837; x_wconf 92' lang='lat' dir='ltr'><strong>et</strong></span> <span class='ocrx_word' id='word_1_17' title='bbox 785 761 981 834; x_wconf 83' lang='lat' dir='ltr'><strong>redituum.</strong></span> 
     </span>
    </p>
   </div>
   <div class='ocr_carea' id='block_1_4' title="bbox 158 903 1138 1128">
    <p class='ocr_par' dir='ltr' id='par_1_4' title="bbox 158 903 1138 1128">
     <span class='ocr_line' id='line_1_4' title="bbox 207 903 1138 1017; baseline -0.02 -25"><span class='ocrx_word' id='word_1_18' title='bbox 207 920 342 992; x_wconf 90' lang='lat' dir='ltr'><strong>Sufficit</strong></span> <span class='ocrx_word' id='word_1_19' title='bbox 352 918 463 1017; x_wconf 81' lang='lat' dir='ltr'><strong>igitur</strong></span> <span class='ocrx_word' id='word_1_20' title='bbox 484 911 744 988; x_wconf 80' lang='lat' dir='ltr'><strong>contrahentes</strong></span> <span class='ocrx_word' id='word_1_21' title='bbox 771 907 990 1009; x_wconf 82' lang='lat' dir='ltr'><strong>generaliter</strong></span> <span class='ocrx_word' id='word_1_22' title='bbox 1008 903 1138 1001; x_wconf 83' lang='lat' dir='ltr'><strong>decla-</strong></span> 
     </span>
     <span class='ocr_line' id='line_1_5' title="bbox 158 1023 1138 1128; baseline -0.015 -21"><span class='ocrx_word' id='word_1_23' title='bbox 158 1059 263 1118; x_wconf 84' lang='lat' dir='ltr'><strong>rare,</strong></span> <span class='ocrx_word' id='word_1_24' title='bbox 293 1058 331 1104; x_wconf 90' lang='lat' dir='ltr'><strong>se</strong></span> <span class='ocrx_word' id='word_1_25' title='bbox 362 1029 506 1128; x_wconf 80' lang='lat' dir='ltr'><strong>nuptias</strong></span> <span class='ocrx_word' id='word_1_26' title='bbox 534 1027 627 1098; x_wconf 91' lang='lat' dir='ltr'><strong>inire</strong></span> <span class='ocrx_word' id='word_1_27' title='bbox 656 1024 751 1098; x_wconf 86' lang='lat' dir='ltr'><strong>velle</strong></span> <span class='ocrx_word' id='word_1_28' title='bbox 786 1023 992 1095; x_wconf 87' lang='lat' dir='ltr'><strong>secundum</strong></span> <span class='ocrx_word' id='word_1_29' title='bbox 1024 1046 1138 1092; x_wconf 87' lang='lat' dir='ltr'><strong>unam</strong></span> 
     </span>
    </p>
   </div>
   <div class='ocr_carea' id='block_1_5' title="bbox 158 1129 1139 1244">
    <p class='ocr_par' dir='ltr' id='par_1_5' title="bbox 158 1129 1139 1244">
     <span class='ocr_line' id='line_1_6' title="bbox 158 1129 1139 1244; baseline -0.017 -21"><span class='ocrx_word' id='word_1_30' title='bbox 158 1147 498 1244; x_wconf 76' lang='lat' dir='ltr'><strong>alteramveharunt</strong></span> <span class='ocrx_word' id='word_1_31' title='bbox 510 1129 828 1227; x_wconf 82' lang='lat' dir='ltr'><strong>communionum,</strong></span> <span class='ocrx_word' id='word_1_32' title='bbox 841 1151 882 1208; x_wconf 89' lang='lat' dir='ltr'><strong>ut</strong></span> <span class='ocrx_word' id='word_1_33' title='bbox 895 1134 1139 1209; x_wconf 83' lang='lat' dir='ltr'><strong>excludantur</strong></span> 
     </span>
    </p>
   </div>
   <div class='ocr_carea' id='block_1_6' title="bbox 153 1250 1139 1476">
    <p class='ocr_par' dir='ltr' id='par_1_6' title="bbox 153 1250 1139 1476">
     <span class='ocr_line' id='line_1_7' title="bbox 159 1250 1138 1353; baseline -0.019 -15"><span class='ocrx_word' id='word_1_34' title='bbox 159 1288 290 1338; x_wconf 91' lang='lat' dir='ltr'><strong>omnes</strong></span> <span class='ocrx_word' id='word_1_35' title='bbox 316 1258 591 1335; x_wconf 88' lang='lat' dir='ltr'><strong>communionis</strong></span> <span class='ocrx_word' id='word_1_36' title='bbox 609 1253 735 1353; x_wconf 81' lang='lat' dir='ltr'><strong>legalis</strong></span> <span class='ocrx_word' id='word_1_37' title='bbox 767 1250 1023 1351; x_wconf 90' lang='lat' dir='ltr'><strong>dispositiones</strong></span> <span class='ocrx_word' id='word_1_38' title='bbox 1043 1275 1138 1323; x_wconf 88' lang='lat' dir='ltr'><strong>con-</strong></span> 
     </span>
     <span class='ocr_line' id='line_1_8' title="bbox 153 1360 1139 1476; baseline -0.016 -24"><span class='ocrx_word' id='word_1_39' title='bbox 153 1379 291 1467; x_wconf 85' lang='lat' dir='ltr'><strong>trariae,</strong></span> <span class='ocrx_word' id='word_1_40' title='bbox 300 1391 415 1476; x_wconf 89' lang='lat' dir='ltr'><strong>utque</strong></span> <span class='ocrx_word' id='word_1_41' title='bbox 428 1371 632 1471; x_wconf 82' lang='lat' dir='ltr'><strong>conjugum</strong></span> <span class='ocrx_word' id='word_1_42' title='bbox 638 1369 740 1441; x_wconf 91' lang='lat' dir='ltr'><strong>bona</strong></span> <span class='ocrx_word' id='word_1_43' title='bbox 751 1360 1139 1466; x_wconf 83' lang='lat' dir='ltr'><strong>regantnrsecundum</strong></span> 
     </span>
    </p>
   </div>
   <div class='ocr_carea' id='block_1_7' title="bbox 34 1478 1138 1588">
    <p class='ocr_par' dir='ltr' id='par_1_7' title="bbox 34 1478 1138 1588">
     <span class='ocr_line' id='line_1_9' title="bbox 34 1478 1138 1588; baseline -0.015 -20"><span class='ocrx_word' id='word_1_44' title='bbox 34 1565 36 1568; x_wconf 85' lang='grc'><strong>,</strong></span> <span class='ocrx_word' id='word_1_45' title='bbox 156 1518 347 1578; x_wconf 88' lang='lat' dir='ltr'><strong>normam,</strong></span> <span class='ocrx_word' id='word_1_46' title='bbox 362 1514 447 1588; x_wconf 86' lang='lat' dir='ltr'><strong>quae</strong></span> <span class='ocrx_word' id='word_1_47' title='bbox 475 1484 628 1585; x_wconf 89' lang='lat' dir='ltr'><strong>propria</strong></span> <span class='ocrx_word' id='word_1_48' title='bbox 646 1497 701 1558; x_wconf 88' lang='lat' dir='ltr'><strong>est</strong></span> <span class='ocrx_word' id='word_1_49' title='bbox 728 1478 1001 1566; x_wconf 86' lang='lat' dir='ltr'><strong>communioni,</strong></span> <span class='ocrx_word' id='word_1_50' title='bbox 1023 1505 1138 1579; x_wconf 89' lang='lat' dir='ltr'><strong>quam</strong></span> 
     </span>
    </p>
   </div>
   <div class='ocr_carea' id='block_1_8' title="bbox 157 1602 344 1702">
    <p class='ocr_par' dir='ltr' id='par_1_8' title="bbox 157 1602 344 1702">
     <span class='ocr_line' id='line_1_10' title="bbox 157 1602 344 1702; baseline -0.016 -27"><span class='ocrx_word' id='word_1_51' title='bbox 157 1602 344 1702; x_wconf 89' lang='lat' dir='ltr'><strong>adoptant.</strong></span> 
     </span>
    </p>
   </div>
   <div class='ocr_carea' id='block_1_9' title="bbox 154 1737 1191 2518">
    <p class='ocr_par' dir='ltr' id='par_1_9' title="bbox 154 1737 1191 2518">
     <span class='ocr_line' id='line_1_11' title="bbox 205 1737 1139 1841; baseline -0.005 -20"><span class='ocrx_word' id='word_1_52' title='bbox 205 1743 428 1821; x_wconf 83' lang='lat' dir='ltr'><strong>Communia</strong></span> <span class='ocrx_word' id='word_1_53' title='bbox 465 1748 673 1818; x_wconf 79' lang='lat' dir='ltr'><strong>universalis</strong></span> <span class='ocrx_word' id='word_1_54' title='bbox 697 1737 973 1841; x_wconf 86' lang='lat' dir='ltr'><strong>&#39;complectitur</strong></span> <span class='ocrx_word' id='word_1_55' title='bbox 1011 1744 1139 1816; x_wconf 88' lang='lat' dir='ltr'><strong>omnia</strong></span> 
     </span>
     <span class='ocr_line' id='line_1_12' title="bbox 156 1854 1139 1959; baseline -0.004 -27"><span class='ocrx_word' id='word_1_56' title='bbox 156 1857 359 1959; x_wconf 83' lang='lat' dir='ltr'><strong>conjugum</strong></span> <span class='ocrx_word' id='word_1_57' title='bbox 374 1857 478 1929; x_wconf 88' lang='lat' dir='ltr'><strong>bona</strong></span> <span class='ocrx_word' id='word_1_58' title='bbox 491 1854 662 1944; x_wconf 87' lang='lat' dir='ltr'><strong>mobilia,</strong></span> <span class='ocrx_word' id='word_1_59' title='bbox 679 1869 792 1955; x_wconf 88' lang='lat' dir='ltr'><strong>atque</strong></span> <span class='ocrx_word' id='word_1_60' title='bbox 808 1854 1031 1942; x_wconf 80' lang='lat' dir='ltr'><strong>immobilia,</strong></span> <span class='ocrx_word' id='word_1_61' title='bbox 1048 1883 1139 1955; x_wconf 86' lang='lat' dir='ltr'><strong>prae·</strong></span> 
     </span>
     <span class='ocr_line' id='line_1_13' title="bbox 154 1968 1191 2070; baseline -0.007 -21"><span class='ocrx_word' id='word_1_62' title='bbox 154 1973 273 2049; x_wconf 89' lang='lat' dir='ltr'><strong>sentia</strong></span> <span class='ocrx_word' id='word_1_63' title='bbox 304 1986 340 2044; x_wconf 91' lang='lat' dir='ltr'><strong>et</strong></span> <span class='ocrx_word' id='word_1_64' title='bbox 354 1969 499 2056; x_wconf 80' lang='lat' dir='ltr'><strong>futura,</strong></span> <span class='ocrx_word' id='word_1_65' title='bbox 522 1969 632 2040; x_wconf 89' lang='lat' dir='ltr'><strong>etiam</strong></span> <span class='ocrx_word' id='word_1_66' title='bbox 652 1994 714 2055; x_wconf 90' lang='lat' dir='ltr'><strong>ea,</strong></span> <span class='ocrx_word' id='word_1_67' title='bbox 735 1995 818 2067; x_wconf 82' lang='lat' dir='ltr'><strong>quae</strong></span> <span class='ocrx_word' id='word_1_68' title='bbox 844 1968 951 2043; x_wconf 88' lang='lat' dir='ltr'><strong>titulo</strong></span> <span class='ocrx_word' id='word_1_69' title='bbox 979 1971 1138 2070; x_wconf 82' lang='lat' dir='ltr'><strong>gratuito</strong></span> <span class='ocrx_word' id='word_1_70' title='bbox 1181 2038 1191 2050; x_wconf 69' lang='grc'><strong>,,</strong></span> 
     </span>
     <span class='ocr_line' id='line_1_14' title="bbox 155 2079 1140 2179; baseline 0.004 -27"><span class='ocrx_word' id='word_1_71' title='bbox 155 2082 446 2179; x_wconf 85' lang='lat' dir='ltr'><strong>acquisiverunt,</strong></span> <span class='ocrx_word' id='word_1_72' title='bbox 472 2079 542 2150; x_wconf 92' lang='lat' dir='ltr'><strong>nisi</strong></span> <span class='ocrx_word' id='word_1_73' title='bbox 559 2091 709 2150; x_wconf 87' lang='lat' dir='ltr'><strong>testator</strong></span> <span class='ocrx_word' id='word_1_74' title='bbox 723 2079 783 2151; x_wconf 88' lang='lat' dir='ltr'><strong>vel</strong></span> <span class='ocrx_word' id='word_1_75' title='bbox 807 2079 967 2154; x_wconf 91' lang='lat' dir='ltr'><strong>donator</strong></span> <span class='ocrx_word' id='word_1_76' title='bbox 989 2098 1140 2156; x_wconf 90' lang='lat' dir='ltr'><strong>contra-</strong></span> 
     </span>
     <span class='ocr_line' id='line_1_15' title="bbox 154 2190 1138 2272; baseline 0.007 -7"><span class='ocrx_word' id='word_1_77' title='bbox 154 2191 428 2266; x_wconf 84' lang='lat' dir='ltr'><strong>riumvoluerit.</strong></span> <span class='ocrx_word' id='word_1_78' title='bbox 442 2190 522 2263; x_wconf 84' lang='lat' dir='ltr'><strong>Art.</strong></span> <span class='ocrx_word' id='word_1_79' title='bbox 538 2190 592 2262; x_wconf 77' lang='lat'><strong>13.</strong></span> <span class='ocrx_word' id='word_1_80' title='bbox 604 2190 909 2266; x_wconf 86' lang='lat' dir='ltr'><strong>Acvicissimhaec</strong></span> <span class='ocrx_word' id='word_1_81' title='bbox 918 2197 1138 2272; x_wconf 90' lang='lat' dir='ltr'><strong>communio</strong></span> 
     </span>
     <span class='ocr_line' id='line_1_16' title="bbox 156 2303 1138 2403; baseline 0.006 -23"><span class='ocrx_word' id='word_1_82' title='bbox 156 2319 308 2380; x_wconf 84' lang='lat' dir='ltr'><strong>tenetur</strong></span> <span class='ocrx_word' id='word_1_83' title='bbox 326 2303 375 2379; x_wconf 87' lang='lat' dir='ltr'><strong>de</strong></span> <span class='ocrx_word' id='word_1_84' title='bbox 390 2303 567 2378; x_wconf 89' lang='lat' dir='ltr'><strong>omnibus</strong></span> <span class='ocrx_word' id='word_1_85' title='bbox 586 2303 790 2403; x_wconf 82' lang='lat' dir='ltr'><strong>conjugum</strong></span> <span class='ocrx_word' id='word_1_86' title='bbox 802 2304 936 2381; x_wconf 91' lang='lat' dir='ltr'><strong>debitis</strong></span> <span class='ocrx_word' id='word_1_87' title='bbox 957 2309 1032 2384; x_wconf 88' lang='lat' dir='ltr'><strong>sive</strong></span> <span class='ocrx_word' id='word_1_88' title='bbox 1052 2326 1138 2386; x_wconf 89' lang='lat' dir='ltr'><strong>ante</strong></span> 
     </span>
     <span class='ocr_line' id='line_1_17' title="bbox 157 2418 1137 2518; baseline 0.002 -23"><span class='ocrx_word' id='word_1_89' title='bbox 157 2419 445 2508; x_wconf 84' lang='lat' dir='ltr'><strong>matrimonium,</strong></span> <span class='ocrx_word' id='word_1_90' title='bbox 463 2418 538 2492; x_wconf 89' lang='lat' dir='ltr'><strong>sive</strong></span> <span class='ocrx_word' id='word_1_91' title='bbox 554 2430 672 2491; x_wconf 86' lang='lat' dir='ltr'><strong>stante</strong></span> <span class='ocrx_word' id='word_1_92' title='bbox 687 2443 745 2507; x_wconf 91' lang='lat' dir='ltr'><strong>eo,</strong></span> <span class='ocrx_word' id='word_1_93' title='bbox 755 2422 964 2495; x_wconf 87' lang='lat' dir='ltr'><strong>contractis.</strong></span> <span class='ocrx_word' id='word_1_94' title='bbox 981 2423 1062 2496; x_wconf 82' lang='lat' dir='ltr'><strong>Art.</strong></span> <span class='ocrx_word' id='word_1_95' title='bbox 1082 2428 1137 2518; x_wconf 69' lang='lat'><strong>14.</strong></span> 
     </span>
    </p>
   </div>
   <div class='ocr_carea' id='block_1_10' title="bbox 39 2566 1197 4157">
    <p class='ocr_par' dir='ltr' id='par_1_10' title="bbox 39 2566 1197 4157">
     <span class='ocr_line' id='line_1_18' title="bbox 205 2566 1141 2655; baseline 0.001 -9"><span class='ocrx_word' id='word_1_96' title='bbox 205 2569 424 2646; x_wconf 81' lang='lat' dir='ltr'><strong>Dissolvitur</strong></span> <span class='ocrx_word' id='word_1_97' title='bbox 439 2566 654 2655; x_wconf 90' lang='lat' dir='ltr'><strong>communio</strong></span> <span class='ocrx_word' id='word_1_98' title='bbox 673 2573 884 2644; x_wconf 77' lang='lat' dir='ltr'><strong>universalis</strong></span> <span class='ocrx_word' id='word_1_99' title='bbox 903 2569 1035 2644; x_wconf 90' lang='lat' dir='ltr'><strong>iisdem</strong></span> <span class='ocrx_word' id='word_1_100' title='bbox 1056 2600 1141 2648; x_wconf 91' lang='lat' dir='ltr'><strong>mo-</strong></span> 
     </span>
     <span class='ocr_line' id='line_1_19' title="bbox 156 2682 1142 2785; baseline 0.004 -26"><span class='ocrx_word' id='word_1_101' title='bbox 156 2686 228 2775; x_wconf 88' lang='lat' dir='ltr'><strong>dis,</strong></span> <span class='ocrx_word' id='word_1_102' title='bbox 244 2686 380 2785; x_wconf 89' lang='lat' dir='ltr'><strong>quibus</strong></span> <span class='ocrx_word' id='word_1_103' title='bbox 399 2682 494 2757; x_wconf 77' lang='lat' dir='ltr'><strong>infrl</strong></span> <span class='ocrx_word' id='word_1_104' title='bbox 508 2682 811 2759; x_wconf 90' lang='lat' dir='ltr'><strong>communionem</strong></span> <span class='ocrx_word' id='word_1_105' title='bbox 825 2691 974 2785; x_wconf 79' lang='lat' dir='ltr'><strong>legalem</strong></span> <span class='ocrx_word' id='word_1_106' title='bbox 986 2687 1142 2767; x_wconf 89' lang='lat' dir='ltr'><strong>dissolvi</strong></span> 
     </span>
     <span class='ocr_line' id='line_1_20' title="bbox 155 2797 1138 2892; baseline 0.011 -22"><span class='ocrx_word' id='word_1_107' title='bbox 155 2799 375 2877; x_wconf 81' lang='lat' dir='ltr'><strong>videbimus.</strong></span> <span class='ocrx_word' id='word_1_108' title='bbox 394 2799 474 2872; x_wconf 84' lang='lat' dir='ltr'><strong>Art.</strong></span> <span class='ocrx_word' id='word_1_109' title='bbox 509 2802 564 2874; x_wconf 83' lang='lat'><strong>15.</strong></span> <span class='ocrx_word' id='word_1_110' title='bbox 584 2797 770 2876; x_wconf 88' lang='lat' dir='ltr'><strong>Dissoluta</strong></span> <span class='ocrx_word' id='word_1_111' title='bbox 797 2813 937 2889; x_wconf 21' lang='lat' dir='ltr'><strong>autem·</strong></span> <span class='ocrx_word' id='word_1_112' title='bbox 954 2828 1013 2892; x_wconf 88' lang='lat' dir='ltr'><strong>ea,</strong></span> <span class='ocrx_word' id='word_1_113' title='bbox 1035 2801 1138 2881; x_wconf 78' lang='lat' dir='ltr'><strong>bone</strong></span> 
     </span>
     <span class='ocr_line' id='line_1_21' title="bbox 156 2909 1140 3011; baseline 0.005 -23"><span class='ocrx_word' id='word_1_114' title='bbox 156 2909 302 2988; x_wconf 87' lang='lat' dir='ltr'><strong>duabus</strong></span> <span class='ocrx_word' id='word_1_115' title='bbox 330 2911 493 3011; x_wconf 85' lang='lat' dir='ltr'><strong>partibus</strong></span> <span class='ocrx_word' id='word_1_116' title='bbox 527 2909 730 3009; x_wconf 78' lang='lat' dir='ltr'><strong>aequalibus</strong></span> <span class='ocrx_word' id='word_1_117' title='bbox 760 2912 858 2984; x_wconf 90' lang='lat' dir='ltr'><strong>inter</strong></span> <span class='ocrx_word' id='word_1_118' title='bbox 891 2917 1066 2989; x_wconf 88' lang='lat' dir='ltr'><strong>maritum</strong></span> <span class='ocrx_word' id='word_1_119' title='bbox 1101 2933 1140 2992; x_wconf 88' lang='lat' dir='ltr'><strong>et</strong></span> 
     </span>
     <span class='ocr_line' id='line_1_22' title="bbox 156 3023 1140 3117; baseline 0.006 -18"><span class='ocrx_word' id='word_1_120' title='bbox 156 3051 331 3113; x_wconf 81' lang='lat' dir='ltr'><strong>uxorem,</strong></span> <span class='ocrx_word' id='word_1_121' title='bbox 371 3051 545 3100; x_wconf 86' lang='lat' dir='ltr'><strong>eorumve</strong></span> <span class='ocrx_word' id='word_1_122' title='bbox 575 3023 731 3099; x_wconf 89' lang='lat' dir='ltr'><strong>heredes</strong></span> <span class='ocrx_word' id='word_1_123' title='bbox 764 3024 997 3117; x_wconf 80' lang='lat' dir='ltr'><strong>dividuntur,</strong></span> <span class='ocrx_word' id='word_1_124' title='bbox 1035 3031 1140 3106; x_wconf 91' lang='lat' dir='ltr'><strong>nulla</strong></span> 
     </span>
     <span class='ocr_line' id='line_1_23' title="bbox 156 3138 1140 3248; baseline 0.007 -35"><span class='ocrx_word' id='word_1_125' title='bbox 156 3139 302 3213; x_wconf 84' lang='lat' dir='ltr'><strong>ratione</strong></span> <span class='ocrx_word' id='word_1_126' title='bbox 320 3138 458 3228; x_wconf 86' lang='lat' dir='ltr'><strong>habita,</strong></span> <span class='ocrx_word' id='word_1_127' title='bbox 480 3169 501 3214; x_wconf 91' lang='lat' dir='ltr'><strong>a</strong></span> <span class='ocrx_word' id='word_1_128' title='bbox 520 3167 683 3240; x_wconf 87' lang='lat' dir='ltr'><strong>quanam</strong></span> <span class='ocrx_word' id='word_1_129' title='bbox 701 3154 805 3240; x_wconf 87' lang='lat' dir='ltr'><strong>parte</strong></span> <span class='ocrx_word' id='word_1_130' title='bbox 827 3139 906 3220; x_wconf 79' lang='lat' dir='ltr'><strong>haec</strong></span> <span class='ocrx_word' id='word_1_131' title='bbox 925 3141 1026 3217; x_wconf 91' lang='lat' dir='ltr'><strong>bona</strong></span> <span class='ocrx_word' id='word_1_132' title='bbox 1044 3172 1140 3248; x_wconf 83' lang='lat' dir='ltr'><strong>pro·</strong></span> 
     </span>
     <span class='ocr_line' id='line_1_24' title="bbox 156 3247 1141 3355; baseline 0.017 -34"><span class='ocrx_word' id='word_1_133' title='bbox 156 3251 345 3355; x_wconf 60' lang='lat' dir='ltr'><strong>venerint,</strong></span> <span class='ocrx_word' id='word_1_134' title='bbox 376 3249 414 3318; x_wconf 91' lang='lat' dir='ltr'><strong>in</strong></span> <span class='ocrx_word' id='word_1_135' title='bbox 451 3247 524 3350; x_wconf 75' lang='lat' dir='ltr'><strong>qua</strong></span> <span class='ocrx_word' id='word_1_136' title='bbox 559 3252 739 3334; x_wconf 90' lang='lat' dir='ltr'><strong>divisione</strong></span> <span class='ocrx_word' id='word_1_137' title='bbox 777 3257 1017 3349; x_wconf 81' lang='lat' dir='ltr'><strong>observandae</strong></span> <span class='ocrx_word' id='word_1_138' title='bbox 1055 3280 1141 3338; x_wconf 88' lang='lat' dir='ltr'><strong>sunt</strong></span> 
     </span>
     <span class='ocr_line' id='line_1_25' title="bbox 157 3362 1140 3465; baseline 0.011 -26"><span class='ocrx_word' id='word_1_139' title='bbox 157 3362 316 3465; x_wconf 81' lang='lat' dir='ltr'><strong>regulae,</strong></span> <span class='ocrx_word' id='word_1_140' title='bbox 336 3387 417 3460; x_wconf 85' lang='lat' dir='ltr'><strong>quae</strong></span> <span class='ocrx_word' id='word_1_141' title='bbox 439 3362 477 3435; x_wconf 91' lang='lat' dir='ltr'><strong>in</strong></span> <span class='ocrx_word' id='word_1_142' title='bbox 496 3364 606 3439; x_wconf 86' lang='lat' dir='ltr'><strong>titulo</strong></span> <span class='ocrx_word' id='word_1_143' title='bbox 629 3369 671 3444; x_wconf 83' lang='lat' dir='ltr'><strong>de</strong></span> <span class='ocrx_word' id='word_1_144' title='bbox 695 3376 886 3448; x_wconf 81' lang='lat' dir='ltr'><strong>collatione</strong></span> <span class='ocrx_word' id='word_1_145' title='bbox 910 3390 945 3464; x_wconf 83' lang='lat' dir='ltr'><strong>et</strong></span> <span class='ocrx_word' id='word_1_146' title='bbox 968 3376 1140 3459; x_wconf 77' lang='lat' dir='ltr'><strong>divisione</strong></span> 
     </span>
     <span class='ocr_line' id='line_1_26' title="bbox 39 3476 1197 3588; baseline 0.016 -38"><span class='ocrx_word' id='word_1_147' title='bbox 39 3548 41 3557; x_wconf 14' lang='grc' dir='ltr'>χ</span> <span class='ocrx_word' id='word_1_148' title='bbox 159 3485 252 3552; x_wconf 78' lang='lat' dir='ltr'><strong>inter</strong></span> <span class='ocrx_word' id='word_1_149' title='bbox 266 3476 450 3552; x_wconf 78' lang='lat' dir='ltr'><strong>coheredes</strong></span> <span class='ocrx_word' id='word_1_150' title='bbox 470 3494 685 3554; x_wconf 88' lang='lat' dir='ltr'><strong>statuentur.</strong></span> <span class='ocrx_word' id='word_1_151' title='bbox 705 3486 788 3558; x_wconf 86' lang='lat' dir='ltr'><strong>Art.</strong></span> <span class='ocrx_word' id='word_1_152' title='bbox 810 3487 991 3588; x_wconf 87' lang='lat' dir='ltr'><strong>16.Aqua</strong></span> <span class='ocrx_word' id='word_1_153' title='bbox 1010 3502 1136 3567; x_wconf 84' lang='lat' dir='ltr'><strong>tamen</strong></span> <span class='ocrx_word' id='word_1_154' title='bbox 1191 3519 1197 3531; x_wconf 87' lang='lat'><em>·</em></span> 
     </span>
     <span class='ocr_line' id='line_1_27' title="bbox 157 3586 1141 3691; baseline 0.017 -30"><span class='ocrx_word' id='word_1_155' title='bbox 157 3588 398 3691; x_wconf 85' lang='lat' dir='ltr'><strong>dispositione</strong></span> <span class='ocrx_word' id='word_1_156' title='bbox 411 3586 505 3663; x_wconf 88' lang='lat' dir='ltr'><strong>hanc</strong></span> <span class='ocrx_word' id='word_1_157' title='bbox 524 3591 751 3688; x_wconf 83' lang='lat' dir='ltr'><strong>legislatores</strong></span> <span class='ocrx_word' id='word_1_158' title='bbox 781 3599 899 3670; x_wconf 90' lang='lat' dir='ltr'><strong>nostri</strong></span> <span class='ocrx_word' id='word_1_159' title='bbox 933 3610 1141 3678; x_wconf 85' lang='lat' dir='ltr'><strong>statuerunt</strong></span> 
     </span>
     <span class='ocr_line' id='line_1_28' title="bbox 159 3704 1138 3815; baseline 0.015 -40"><span class='ocrx_word' id='word_1_160' title='bbox 159 3705 437 3804; x_wconf 66' lang='lat' dir='ltr'><strong>exceptionem</strong></span> <span class='ocrx_word' id='word_1_161' title='bbox 459 3719 499 3777; x_wconf 91' lang='lat' dir='ltr'><strong>ut</strong></span> <span class='ocrx_word' id='word_1_162' title='bbox 525 3704 665 3779; x_wconf 85' lang='lat' dir='ltr'><strong>scilicet</strong></span> <span class='ocrx_word' id='word_1_163' title='bbox 694 3708 830 3809; x_wconf 82' lang='lat' dir='ltr'><strong>conjux</strong></span> <span class='ocrx_word' id='word_1_164' title='bbox 861 3725 1045 3809; x_wconf 89' lang='lat' dir='ltr'><strong>superstes</strong></span> <span class='ocrx_word' id='word_1_165' title='bbox 1080 3715 1138 3815; x_wconf 86' lang='lat' dir='ltr'><strong>jus</strong></span> 
     </span>
     <span class='ocr_line' id='line_1_29' title="bbox 155 3816 1137 3929; baseline 0.012 -36"><span class='ocrx_word' id='word_1_166' title='bbox 155 3816 291 3893; x_wconf 87' lang='lat' dir='ltr'><strong>habeat</strong></span> <span class='ocrx_word' id='word_1_167' title='bbox 323 3817 515 3920; x_wconf 83' lang='lat' dir='ltr'><strong>repetendi</strong></span> <span class='ocrx_word' id='word_1_168' title='bbox 549 3820 785 3909; x_wconf 83' lang='lat' dir='ltr'><strong>vestimenta,</strong></span> <span class='ocrx_word' id='word_1_169' title='bbox 831 3842 994 3929; x_wconf 79' lang='lat' dir='ltr'><strong>gemmas</strong></span> <span class='ocrx_word' id='word_1_170' title='bbox 1032 3829 1137 3904; x_wconf 89' lang='lat' dir='ltr'><strong>simi-</strong></span> 
     </span>
     <span class='ocr_line' id='line_1_30' title="bbox 151 3929 1134 4034; baseline 0.018 -36"><span class='ocrx_word' id='word_1_171' title='bbox 151 3929 285 4030; x_wconf 75' lang='lat' dir='ltr'><strong>¹leoque</strong></span> <span class='ocrx_word' id='word_1_172' title='bbox 303 3957 362 4008; x_wconf 80' lang='lat' dir='ltr'><strong>res</strong></span> <span class='ocrx_word' id='word_1_173' title='bbox 372 3934 549 4033; x_wconf 82' lang='lat' dir='ltr'><strong>pretiosas</strong></span> <span class='ocrx_word' id='word_1_174' title='bbox 564 3934 812 4030; x_wconf 79' lang='lat' dir='ltr'><strong>(lleinoodien</strong></span> <span class='ocrx_word' id='word_1_175' title='bbox 826 3936 854 4033; x_wconf 91' lang='lat'><strong>),</strong></span> <span class='ocrx_word' id='word_1_176' title='bbox 875 3935 1134 4034; x_wconf 84' lang='lat' dir='ltr'><strong>instrumenta,</strong></span> 
     </span>
     <span class='ocr_line' id='line_1_31' title="bbox 41 4043 1137 4157; baseline 0.026 -46"><span class='ocrx_word' id='word_1_177' title='bbox 41 4118 43 4124; x_wconf 46' lang='grc'>,</span> <span class='ocrx_word' id='word_1_178' title='bbox 159 4043 294 4155; x_wconf 80' lang='lat' dir='ltr'><strong>quibus</strong></span> <span class='ocrx_word' id='word_1_179' title='bbox 314 4046 428 4123; x_wconf 86' lang='lat' dir='ltr'><strong>utitur</strong></span> <span class='ocrx_word' id='word_1_180' title='bbox 451 4049 491 4122; x_wconf 87' lang='lat' dir='ltr'><strong>in</strong></span> <span class='ocrx_word' id='word_1_181' title='bbox 511 4047 742 4157; x_wconf 81' lang='lat' dir='ltr'><strong>professione</strong></span> <span class='ocrx_word' id='word_1_182' title='bbox 758 4075 824 4129; x_wconf 84' lang='lat' dir='ltr'><strong>sua</strong></span> <span class='ocrx_word' id='word_1_183' title='bbox 838 4053 1056 4149; x_wconf 73' lang='lat' dir='ltr'><strong>exercenda,</strong></span> <span class='ocrx_word' id='word_1_184' title='bbox 1077 4056 1137 4138; x_wconf 81' lang='lat' dir='ltr'><strong>hi-</strong></span> 
     </span>
    </p>
   </div>
   <div class='ocr_carea' id='block_1_11' title="bbox 0 0 1303 4724">
    <p class='ocr_par' dir='ltr' id='par_1_11' title="bbox 0 0 1303 4724">
     <span class='ocr_line' id='line_1_32' title="bbox 0 0 1303 4724; baseline 0 0"><span class='ocrx_word' id='word_1_185' title='bbox 0 0 1303 4724; x_wconf 95' lang='lat' dir='ltr'><strong> </strong></span> 
     </span>
    </p>
   </div>
  </div>
 </body>
</html>
