2596 4724
623 305 639 402 (
665 305 710 378 ²5
735 307 751 401 )

201 448 317 509 totum
334 435 432 509 hune
452 432 645 507 articulum
657 435 734 515 tolli
748 433 958 534 cupiebant3
979 433 1043 508 sed
1060 459 1165 534 expe-

205 549 336 621 rientia
365 547 506 634 docuit,
534 546 628 618 hanc
660 545 932 647 dispositionem
958 547 1062 620 valde
1090 570 1168 619 esse

205 662 467 746 necessariam,
483 662 695 759 praesertim
714 662 856 734 ratione
867 661 988 733 habita
1003 662 1167 749 illorum,

200 772 264 870 qui
282 772 378 844 iniis
396 770 557 844 habitant
574 771 800 871 regionibus,
822 799 912 871 quas
927 775 1001 844 Rex
1027 773 1065 844 in
1090 772 1167 845 aliis

201 882 302 956 orbis
320 898 500 958 terrarum
518 883 679 985 partibus
699 883 874 984 possidet,
900 887 937 959 V
933 885 980 958 id.
994 884 1164 981 Respom.

203 996 254 1074 nd
270 996 447 1071 Observat.
467 997 545 1069 Art.
567 995 624 1071 53.
649 1020 652 1027 ·

248 1141 432 1216 Hactenus
449 1141 605 1214 vidimus
631 1140 677 1213 de
690 1142 878 1240 ,requisitis
897 1141 1107 1241 nuptiarum
1128 1141 1167 1211 in
1229 1180 1231 1186 ,

197 1253 279 1352 ipso
309 1254 434 1351 Regno
466 1267 753 1336 contractarum,
785 1268 886 1324 nunc
918 1253 1046 1324 ultimo
1081 1251 1167 1326 loco

199 1392 316 1464 pauca
347 1364 460 1436 verba
491 1362 701 1462 adjiciemus
732 1361 777 1435 de
816 1361 1049 1435 matrimonio
1077 1363 1167 1435 inito

199 1491 300 1549 extra
316 1476 429 1573 Regni
448 1475 683 1571 territorium.
706 1475 986 1548 Matrimonium
1004 1473 1110 1573 igitur
1129 1475 1168 1545 in

198 1587 348 1686 regione
367 1587 537 1658 extranei
556 1586 652 1659 inter
671 1585 817 1685 Belgas,
836 1588 895 1658 vel
921 1586 1017 1658 inter
1041 1585 1167 1686 Belgas

150 1747 161 1767 2
197 1713 233 1770 et
247 1686 461 1798 peregrinos
475 1699 622 1785 initum,
637 1698 751 1786 valet,
767 1700 795 1771 si
812 1695 1016 1773 secundnm
1030 1697 1167 1774 formas

198 1809 235 1878 in
249 1808 310 1877 illa
322 1808 473 1906 regione
486 1808 629 1878 usitatas
639 1809 870 1902 celebratum
878 1823 950 1894 est,
964 1808 1167 1882 dummodo

199 1921 528 2020 promulgationes,
548 1921 746 2020 dequibus
765 1922 874 2020 suprd
893 1922 1005 1994 locuti
1025 1948 1167 2014 sumus,

196 2036 323 2106 locum
339 2032 551 2120 habuerint,
572 2033 650 2106 sine
670 2026 917 2133 oppositione,
934 2057 1056 2133 neque
1072 2060 1168 2108 oon-

196 2145 297 2246 juges
305 2142 436 2247 Belgae
450 2145 586 2246 aliquid
598 2147 739 2246 egerint
752 2163 880 2222 contra
899 2147 1168 2250 dispositiones,

197 2274 291 2356 quae
301 2264 453 2365 =rectione
460 2258 579 2356 prima
593 2257 702 2357 hujus
715 2266 825 2346 tiocli,
847 2261 945 2334 eirca
958 2262 1168 2358 qualitates,

197 2383 232 2440 et
249 2366 480 2442 conditiones
508 2367 554 2436 ad
573 2367 865 2465 contrahendum
892 2370 1165 2442 matrimonium

197 2479 403 2581 requisitas,
425 2479 671 2553 continentur.
702 2481 775 2555 Art.
797 2478 856 2579 57.
879 2479 1168 2552 Instrumentum

196 2608 320 2667 autem
350 2592 573 2666 matrimonii
601 2594 640 2664 in
671 2592 821 2691 regione
850 2592 1042 2694 peregrina
1073 2616 1169 2665 eon-

195 2709 318 2794 tracti,
346 2707 441 2778 intra
473 2732 612 2779 annum
639 2721 723 2806 post
750 2730 915 2778 reversos
948 2706 987 2775 in
1016 2730 1170 2804 regnum

197 2817 381 2918 conjuges,
395 2817 550 2909 inlibro,
558 2819 624 2918 qui
635 2818 720 2890 loco
732 2843 861 2891 eorum
868 2817 1043 2892 domicilii
1050 2820 1171 2890 matri.

199 2933 332 3005 moniis
343 2930 583 3004 inscribendis
596 2929 756 3019 inservit,
767 2929 1169 3030 (lewensis-regnier),

198 3042 396 3118 transcribi
416 3043 535 3118 debet.
557 3045 635 3118 Art.
657 3045 713 3116 58.

197 3305 1179 3340 ...-................................-.....,...

201 3497 250 3546 tus
272 3486 396 3547 ratione
419 3484 505 3567 ejus,
524 3485 579 3566 qui
602 3505 674 3544 cum
695 3483 764 3566 ipso
780 3479 946 3543 mandante
967 3479 1044 3561 egit,
1070 3475 1170 3536 multo

201 3583 359 3663 graviores
374 3591 454 3654 sunt,
468 3601 561 3662 quam
572 3580 692 3641 ratione
709 3579 804 3655 illius,
816 3578 870 3661 qui
883 3597 954 3638 cum
967 3581 1172 3657 procuratore

198 3681 370 3755 contraxit,
389 3677 600 3762 quoniamhie
613 3675 828 3758 cumconjuge
840 3672 1007 3737 mandante
1024 3667 1166 3733 nondum
1268 3716 1274 3732 .

199 3775 397 3840 cohabitavit.
413 3776 504 3851 Quod
518 3785 623 3837 antem
637 3773 677 3835 ad
690 3773 838 3835 damnum
853 3770 979 3841 attinet,
994 3763 1079 3846 quod
1091 3765 1164 3853 ille,

201 3872 344 3956 quicum
365 3873 556 3936 mandatatio
572 3872 651 3955 egit,
667 3870 777 3933 exinde
801 3867 912 3931 reveri
933 3865 965 3924 in
986 3862 1077 3924 bonis
1099 3862 1165 3922 suiu'

203 3988 309 4051 passas
325 3971 381 4046 sit,
398 3972 477 4045 illud
491 3969 726 4053 resarciendum
742 3967 864 4059 ridetur
879 3963 909 4029 vi
923 3963 1046 4036 articuli
1060 3963 1108 4024 32.
1158 3978 1161 3984 ⁴
1193 3961 1196 3969 '

992 4071 1032 4154 F.
