2596 4724
607 399 737 493 (5¹)

180 524 379 597 convenire
406 539 579 626 possunt,
612 553 696 626 quae
726 529 848 602 uxoris
873 529 1023 630 propria
1054 540 1154 619 suut;
1231 544 1234 554 “

179 660 338 733 aequum
358 639 457 710 enim
472 656 550 725 est,
584 641 785 750 maritum,
820 669 935 741 quum
966 642 1051 741 ipse·
1069 665 1156 712 con-

177 751 308 837 sensit,
330 752 494 827 amittere
519 754 682 840 fructus,
712 781 795 856 quae
814 755 1032 855 alioquinin
1052 778 1157 826 com·

176 862 394 937 munionem
418 867 546 940 venire
574 867 804 954 debuissent;
838 868 893 940 sin
917 892 1006 940 vero
1036 878 1154 954 uxor',

175 974 309 1048 marito
329 1001 549 1053 consensum
580 981 668 1056 dare
695 990 910 1069 recusante,
938 981 1154 1056 auctoritate

173 1086 306 1186 judicis
342 1098 613 1171 successionem
647 1097 756 1186 adiit,
787 1096 1009 1181 creditores,
1046 1093 1154 1165 bonis

174 1207 414 1282 successionis
434 1237 509 1284 non
540 1211 821 1297 sufficientibus,
839 1225 979 1282 tantum
1004 1208 1061 1308 jus
1085 1207 1154 1280 hs-

172 1313 410 1391 bentnudam
427 1329 681 1420 proprietatem
706 1321 897 1394 bonorum
921 1323 1043 1393 uxoris
1062 1347 1153 1392 con-

171 1432 355 1506 veniendi.
375 1435 518 1508 Durum
537 1440 636 1511 enim
657 1437 804 1527 fuisset,
833 1440 861 1511 si
878 1439 1028 1511 maritus
1048 1452 1154 1539 post-

170 1571 284 1646 quam
308 1550 346 1620 in
367 1551 567 1628 aditionem
580 1553 790 1627 consentire
811 1553 945 1641 noluit,
973 1551 1152 1624 damnum

171 1673 295 1735 tamen
323 1679 528 1765 pateretur,
568 1695 654 1742 cum
688 1668 862 1769 perderet
899 1667 1054 1756 fructus,
1086 1667 1150 1768 qui
1218 1677 1223 1689 ’
1261 1678 1266 1689 “

170 1791 314 1876 partem
334 1781 605 1851 communionis
635 1781 805 1852 efficiunt.
826 1783 907 1851 Art.
938 1805 1004 1865 ιο,
1030 1780 1149 1876 ibique
1252 1833 1255 1837 -

168 1895 343 1989 Respons.
362 1893 561 1989 adobserr,
584 1894 758 1966 Ceterum
779 1894 857 1965 haec
873 1907 1016 1964 tantum
1031 1894 1149 1991 perti-

169 2019 261 2076 nent
287 2003 332 2076 ad
362 2031 507 2094 casum,
529 2032 606 2107 quo
638 2012 732 2078 uxor
762 2005 1034 2079 successionem
1061 2005 1149 2076 adiit

175 2117 392 2191 auctoritate
419 2116 572 2217 judicis,
606 2125 873 2206 necimmerito,
895 2120 979 2214 (uit
1011 2118 1147 2216 hortfdc

168 2256 243 2302 uon
262 2233 323 2304 des
342 2259 443 2305 mans
454 2239 666 2331 wcigcringt
682 2232 815 2331 quodsi
833 2231 932 2303 enim
948 2246 1146 2331 propterea

167 2344 382 2418 auctoritate
419 2344 551 2442 judicis
586 2372 681 2418 uxor
724 2347 995 2417 successionem
1032 2346 1142 2430 odiit,

167 2454 269 2555 quod
286 2457 437 2530 maritus
456 2456 588 2530 absens
603 2471 679 2545 est,
701 2471 763 2529 aut
789 2455 1016 2528 voluntatem
1041 2482 1147 2530 suam

165 2568 354 2644 declarare
375 2599 450 2645 non
467 2571 751 2671 potest,videtur
764 2572 843 2644 haec
863 2567 1143 2643 aditioeundcm

165 2683 340 2757 effectum
353 2684 503 2775 habere,
521 2713 563 2760 ac
583 2688 613 2759 si
626 2686 784 2760 maritus
797 2710 1019 2759 consensum
1034 2711 1141 2758 suum

163 2797 335 2872 dedisset.
356 2802 497 2899 Argum
519 2808 598 2878 Art.
616 2827 672 2872 22.

209 2951 260 3023 3⁰.
287 2951 409 3041 Quum
428 2951 611 3024 successio
628 2949 674 3023 sit
686 2948 818 3049 partim
834 2945 983 3032 mobilis,
1005 2947 1139 3052 partim

160 3055 364 3156 immobilis,
384 3065 431 3139 de
451 3066 601 3152 debitis,
621 3064 755 3162 quibus
771 3076 916 3162 gravata
937 3074 1008 3147 est,
1030 3086 1138 3133 com·

159 3182 289 3256 munio
314 3208 391 3254 non
423 3194 587 3267 tenetur,
604 3177 673 3250 nisi
696 3201 765 3278 pro
794 3173 990 3274 portione,
1024 3201 1152 3275 quam.

159 3323 218 3369 res
234 3294 390 3369 mobiles
416 3295 455 3366 in
485 3292 616 3370 debitis
641 3272 920 3380 ferre'debent,
943 3316 1135 3391 compara-

159 3409 259 3482 tione
279 3405 397 3494 facta,
416 3405 560 3479 ratione
588 3404 737 3496 valoris,
766 3405 862 3487 inter
887 3429 946 3477 res
980 3402 1136 3492 mobiles

159 3537 196 3596 ct
214 3522 433 3597 immobiles

206 3677 448 3776 Computatur
493 3687 616 3746 autem
649 3671 727 3744 haec
763 3670 889 3771 portio
929 3663 1133 3739 secundum

155 3792 412 3878 inventarium,
428 3788 531 3889 quod
545 3786 694 3859 moritus
708 3784 841 3863 confici
861 3807 989 3856 curare
1008 3778 1133 3868 deb'et,
1178 3806 1186 3862 j

155 3907 235 3982 sive
274 3904 419 4002 propria
459 3902 699 3990 auctoritate,
736 3897 887 3998 quondo
925 3895 971 3966 ad
1012 3897 1131 3995 ipsum
1223 3962 1226 3967 ,

118 4025 124 4042 ‘
157 4017 343 4094 successio
382 4019 569 4117 pertinet,
615 4015 690 4089 sive
729 4023 857 4110 utpote
901 4008 1128 4109 gubernator

155 4151 268 4236 atque
285 4126 414 4207 auctor
426 4130 562 4232 jurium
580 4145 616 4209 et
640 4128 826 4205 actionum
842 4125 979 4215 uxoris,
990 4126 1028 4200 ‚si
1039 4126 1127 4200 ‘huic
