2596 4724
211 431 333 536 Atque
355 436 446 513 haec
473 321 868 551 quidei19iuit,quae
891 455 939 531 de
963 477 1134 536 eommu-

158 546 276 619 niune
296 548 509 640 bonorum,
533 571 568 628 et
586 560 754 634 universe
772 564 819 639 de
840 569 1030 644 effectibus
1048 599 1133 645 ma

162 661 325 734 trimonii
339 667 480 745 ratione
494 668 678 746 bonorum
691 675 847 752 dicenda
862 699 976 762 erant
1002 684 1138 763 Obser-

162 776 239 844 rari
257 791 375 850 autem
391 781 513 873 debet,
528 800 640 859 totam
657 789 756 863 illam
766 796 968 886 materiem,
978 812 1136 897 quatuor

160 889 320 967 maxime
336 893 521 995 principiis
541 900 623 990 niti,
645 903 799 980 scilieet:

215 1051 259 1106 1⁰.
287 1037 456 1112 Maritum
469 1041 577 1142 plena
588 1071 675 1118 eum
687 1047 857 1123 libertate
870 1050 1131 1142 administrare,

110 1245 113 1251 .
209 1197 257 1251 2⁰.
285 1181 452 1308 Uxorem
471 1212 530 1259 res
544 1213 624 1262 suas
636 1216 805 1296 proprias
829 1193 1049 1322 incolumes
1060 1222 1138 1270 ser·

160 1320 266 1375 vare.

162 1519 187 1593 d
210 1409 257 1481 30
285 1410 505 1522 Participem
523 1438 604 1492 eam
619 1440 698 1490 esse
718 1416 972 1507 emolumenti,
990 1444 1018 1491 ει
1009 1416 1137 1525 quod

189 1536 302 1613 atur,
768 1555 770 1559 ’

204 1679 256 1769 40.
282 1674 451 1776 Denique
462 1678 587 1750 damni
598 1705 698 1766 eam,
713 1696 892 1778 quantum
902 1682 981 1756 lieri
998 1696 1133 1784 potest,

165 1816 247 1866 esse
260 1802 458 1889 expertem.

210 1905 352 1989 Restat,
368 1901 582 1975 utbreviter
602 1900 859 2002 dispositiones
880 1902 1055 2002 quasdam
1079 1904 1136 1974 in-

160 2016 341 2105 dicemus,
364 2042 460 2118 quae
488 2017 526 2088 in
550 2015 686 2089 Codice
711 2017 852 2091 Gallico
880 2017 1133 2108 inveniuntur,

158 2132 198 2204 in
218 2127 345 2205 nostro
366 2147 488 2204 autem
502 2129 584 2231 jure
601 2128 755 2204 omissae
775 2145 878 2218 sunt,
895 2147 931 2206 et
945 2131 1053 2208 simul
1072 2126 1137 2205 ra'-

158 2246 278 2322 tiones
295 2246 484 2332 addamus,
498 2271 564 2314 cur
583 2246 807 2342 legislatores
819 2247 956 2343 Belgici
979 2274 1039 2319 eas
1057 2275 1136 2322 non

160 2359 423 2459 adoptaverint.
439 2357 496 2430 Sic
517 2357 648 2428 omissa
674 2372 727 2434 est
749 2355 958 2457 dispositio,
977 2386 1051 2460 qua
1075 2387 1136 2437 res

158 2469 377 2560 immobilis,
390 2468 566 2569 aequisita
582 2467 731 2568 quidem
748 2483 847 2565 ante·
859 2470 1134 2553 matrimonium

159 2583 405 2672 celebratum,
421 2583 486 2656 sed
500 2598 581 2682 post
599 2581 712 2657 lactas
728 2600 851 2657 tamen
865 2585 1131 2670 conventiones

158 2695 359 2796 nuptiales,
384 2693 765 2773 fit·communis„Art.
790 2696 893 2788 1404.
914 2697 998 2770 Cod.
1028 2699 1124 2792 Nep,
1149 2687 1153 2694 ’

158 2807 538 2898 Putaveruntscilicet
549 2806 695 2933 Codicis
710 2807 825 2882 nostri
841 2823 1020 2898 auctores,
1038 2809 1132 2906 hano

155 2922 306 3023 regulae
326 2919 504 3020 generalis
525 2935 782 3020 exceptionem
793 2946 871 2994 esse
877 2919 1136 3044 ⁸'subtilitatijm

155 3037 208 3109 ris
230 3036 361 3136 magis,
379 3060 493 3134 quam
509 3033 682 3130 aequitati
699 3045 735 3104 et
753 3030 886 3104 rationi
908 3029 1134 3106 convenien

156 3163 259 3235 tem;
281 3146 454 3246 supponit
478 3144 578 3216 enim
596 3142 674 3215 haec
697 3139 885 3239 dispositio
904 3140 1050 3242 utrique
1069 3137 1134 3214 fu-

157 3278 243 3338 turo
268 3261 417 3361 conjugi
406 3260 547 3359 plane
567 3273 697 3336 notum
718 3255 828 3335 fuisse
850 3272 983 3336 statum
1006 3285 1134 3337 rerum·

169 3456 1103 3487 μ--ο-σ-ν--ιι-μ--υ--ι-Ἀ
1134 3469 1139 3478 ·

157 3593 258 3680 Hujus
272 3603 375 3654 autem
392 3592 439 3655 rei
454 3614 535 3657 nune
545 3591 670 3657 demum
688 3592 878 3658 mentionem
891 3588 1036 3660 facimus,
1050 3607 1128 3679 quo·

158 3691 242 3751 niam
253 3740 260 3768 ,
271 3715 340 3754 cum
350 3694 388 3755 de
398 3690 618 3759 communione
628 3692 792 3751 rrnirersali
801 3706 962 3770 ageremus
973 3731 980 3759 ,
992 3684 1132 3746 nondum

159 3811 420 3871 exposueramus,
446 3788 523 3872 quid
549 3797 631 3849 esset
653 3790 830 3868 acceptatio,
852 3781 928 3864 quid
944 3784 1134 3844 renunciatio

157 3893 390 3958 communionis
401 3892 561 3979 ,ideoque
578 3891 634 3952 illo
649 3891 718 3954 loco
732 3891 796 3949 lraec
813 3904 865 3949 res·
876 3885 1032 3948 difficilior
1047 3886 1135 3954 intel·

98 4079 102 4085 1
158 3997 243 4059 lectu
259 3992 377 4054 fuisset
701 3998 703 4003 ’
