2596 4724
593 385 724 480 (53)

212 509 345 580 Omnia
363 519 593 608 autem‚=quae
608 509 796 609 hucusque
808 513 854 585 de
870 513 1144 585 successionum

162 621 296 708 debitis
321 622 534 714 dictasunt,
557 623 608 696 uti
624 626 794 697 etiamad
813 627 1033 699 donationes
1060 640 1144 698 sunt
1247 646 1250 653 ’

164 734 373 825 referenda,
388 737 462 812 Art.
475 736 527 809 15.
540 737 587 809 ita
599 763 700 810 nunc
710 752 977 839 paucatantum
988 734 1144 809 dicenda

165 864 360 949 supersunt
376 848 422 923 de
437 848 570 924 debitis
584 851 630 923 ab
647 878 764 926 uxore
780 869 895 927 stante
910 854 1145 925 matrimonio
1234 875 1242 892 ⁴

163 952 380 1054 contractis3
397 980 433 1039 et
449 965 633 1065 siquidem
659 994 754 1042 uxor
772 994 956 1043 consensu
972 969 1144 1042 maritiaes

161 1077 322 1151 alienum
333 1080 532 1169 contraxit,
549 1081 751 1156 creditores
763 1083 809 1154 ad
823 1084 1144 1156 solutionemcon-

162 1193 389 1293 sequendam
407 1195 583 1297 persequi
601 1212 755 1295 possunt
773 1211 848 1269 tarn
865 1196 966 1268 bona
981 1222 1145 1270 commu·

160 1307 287 1380 nionis
301 1364 310 1395 ‚
322 1335 436 1407 quam
452 1309 573 1380 mariti
596 1324 632 1381 et
651 1310 990 1398 uxoris;‚damnum
1001 1326 1143 1396 autem,

105 1426 110 1430 ’
159 1419 262 1520 quod
277 1416 364 1495 inde
380 1422 636 1496 communioni
650 1438 713 1497 aut
722 1425 855 1497 marito
873 1440 1000 1498 ortum
1015 1423 1141 1511 fuerit,

156 1535 435 1611 resarciendum
470 1552 536 1613 est.
556 1538 638 1611 Art.
662 1545 665 1552 '
686 1538 740 1612 16.
776 1538 832 1611 De
862 1536 989 1610 debito
1015 1552 1145 1609 autem

157 1646 259 1746 quod
293 1676 414 1738 uxor,
449 1650 484 1721 vi
511 1649 704 1738 mandati,
731 1650 806 1724 sive
835 1649 1144 1751 generalis‚sive
1205 1716 1208 1720 n

158 1762 325 1860 specialis
343 1765 463 1834 mariti
485 1765 691 1853 contraxit,
725 1767 940 1839 communio
962 1780 1109 1839 tenetur
1130 1790 1140 1851 ;
1186 1833 1188 1837 ,

154 1899 279 1973 neque
309 1890 464 1974 possunt
494 1876 568 1947 hoc
597 1901 683 1948 casu
713 1876 919 1968 creditores
955 1879 1142 1950 actionem

158 1986 350 2061 instituere
368 1988 501 2063 contra·
527 2012 700 2076 uxorem,
728 1986 852 2090 ejusve
878 1989 979 2062 bona
1005 2016 1145 2064 conve·
1212 2021 1216 2026 ·

158 2104 250 2176 nire.
281 2104 363 2209 Art.
402 2131 454 2204 ¹7·
488 2105 596 2179 Ratio
623 2103 712 2205 legis
741 2119 812 2194 est,
839 2103 943 2206 quod
972 2119 1143 2206 respectu

108 2276 109 2280 ,
157 2215 336 2315 ejusmodi
363 2216 495 2308 debiti,
520 2243 630 2317 uror,
651 2217 970 2317 quemadmodum
986 2217 1144 2318 quilibet

158 2329 249 2402 alius
283 2328 532 2400 mandatarius
564 2345 617 2398 est
653 2328 942 2417 consideranda;
973 2347 1142 2403 ceterum

156 2442 236 2515 haec
251 2441 444 2542 dispositio
462 2440 580 2513 omitti
598 2441 793 2540 potuisset,
811 2440 949 2541 quippe
965 2468 1050 2540 quoe
1065 2469 1144 2518 non

157 2552 301 2629 videtur
319 2552 366 2626 ad
383 2555 577 2628 materiem
596 2552 869 2627 communionis
882 2550 1021 2625 directe
1034 2555 1142 2651 perti·

159 2693 264 2741 nere.

554 2857 676 2910 SECTIO
700 2860 747 2909 tv.

155 2986 202 3053 De
214 2982 478 3047 administratione
499 2983 717 3045 communionis
740 2993 770 3040 et
786 2978 825 3040 de
840 2977 1004 3062 afflatibus
1019 2995 1141 3044 actuum

197 3081 351 3164 utriusque
375 3084 528 3163 conjugis,
546 3079 631 3161 quod
650 3079 760 3139 attinet
784 3076 829 3136 ad
848 3080 1143 3167 societatemeonju·

113 3271 115 3277 Ι
195 3183 307 3266 galam.

206 3305 312 3403 Solus
326 3326 476 3399 maritus
488 3323 590 3399 bona
603 3321 878 3397 communionis
894 3321 1137 3413 administrat,

161 3468 281 3542 enque
299 3439 419 3540 potest
433 3439 611 3526 vendere,
629 3436 791 3511 alienare
805 3449 915 3537 atque
927 3435 1142 3537 hypothecae

160 3559 341 3661 obligare,
364 3555 444 3629 sine
472 3580 657 3629 consensu
683 3553 821 3628 uxoris.
852 3554 934 3628 Art.
971 3556 1023 3626 18.
1052 3553 1141 3629 Haec

159 3672 238 3771 ejus
266 3682 442 3772 potestas,
463 3666 685 3768 quibusdam
705 3665 888 3743 Ordinum
913 3663 1142 3765 generalium

164 3783 389 3865 sectionibus
405 3781 519 3855 nimia
537 3781 611 3854 visa
635 3795 704 3871 est,
726 3779 862 3880 quippe
882 3802 978 3876 quae
994 3776 1143 3854 deside-

162 3899 539 3990 rabant,consensum
549 3895 672 3970 uxoris
683 3894 730 3968 ad
740 3889 1145 3983 alienandaimmobilia

160 4013 314 4116 requiri.
332 4015 378 4086 At
391 4038 481 4087 vero
496 4010 565 4086 soli
582 4011 730 4096 marito,
747 4034 832 4081 cum
845 4022 956 4110 caput
971 4007 1017 4100 sit
1030 4010 1144 4082 socie-

158 4120 241 4205 tatis
260 4123 476 4227 conjugalis,
496 4151 539 4201 ea
552 4118 706 4227 facultas
724 4121 914 4224 competit.
932 4115 1022 4214 Quis
1036 4120 1136 4194 enim
