2596 4724
117 558 120 567 ,
166 488 301 562 similes
330 515 391 562 res
433 489 653 579 (seeundum
690 489 787 590 leges
826 491 942 564 adhuc
981 490 1140 588 vigentes

165 601 343 698 mobiles),
362 602 399 672 in
419 602 552 702 quibus
578 603 771 676 hominum
790 603 965 692 fortunae,
993 605 1030 672 in
1049 605 1142 674 Pro-

164 712 294 786 vinciis
332 715 680 811 septentrionalibus
721 716 878 790 maximi
923 718 1141 800 consistunt,

165 823 278 898 rebus
293 829 528 903 immobilibus
549 834 619 904 sint
639 831 936 905 adnumerandae.
956 833 991 901 V
988 832 1035 902 ul.
1056 831 1143 902 Res·

160 965 266 1035 pons.
287 945 338 1016 acl
349 943 603 1022 observationes
622 953 825 1047 generales,
841 950 901 1021 Tit
916 947 979 1018 VI.

215 1101 237 1172 J
242 1129 305 1176 use
330 1106 497 1179 Romano
517 1107 616 1180 nulla
634 1125 711 1181 erat
726 1110 822 1181 inter
840 1098 1016 1204 eonjugei
1035 1130 1145 1176 com-

166 1216 294 1289 munio
313 1214 499 1292 bonorum
517 1223 719 1320 generalis,
747 1249 818 1295 nee
842 1238 964 1293 tamen
983 1217 1145 1314 aliquem

167 1333 470 1406 communionem
482 1335 746 1410 nonnullarum
757 1364 883 1410 rerum
897 1336 1020 1421 fuisse,
1038 1331 1145 1407 facile

167 1441 299 1543 aliquis
330 1447 502 1547 negabit,
531 1478 616 1524 eum
647 1438 784 1552 iniege
820 1480 848 1526 1.
882 1453 901 1547 ἓ
940 1451 994 1523 15.
1018 1445 1068 1547 ff.
1101 1449 1145 1520 cle

167 1573 411 1636 senatuscons.
435 1566 537 1639 silan.
564 1567 642 1639 haee
663 1567 870 1667 legantur:
903 1594 922 1632 «
946 1570 980 1637 si
999 1569 1059 1635 vir
1080 1579 1147 1634 aut

167 1699 186 1735 u
216 1696 318 1743 uxor
332 1681 440 1748 occisi
455 1704 530 1753 esse
544 1697 808 1776 proponantur,
830 1683 872 1753 cle
890 1683 1000 1754 serris
1022 1702 1146 1751 eorum

167 1812 187 1850 »
220 1789 561 1883 quoestiolmbetur;
592 1821 801 1893 quanquam
821 1818 932 1890 neque
956 1796 1030 1863 oiri
1056 1794 1148 1863 servi

168 1927 185 1962 ›>
211 1903 358 1995 proprie
374 1909 503 1975 uxoris
523 1906 702 2001 dieantur,
723 1930 836 2002 neque
856 1909 987 1976 uxoris
1002 1908 1147 1998 proprie

168 2043 188 2080 >a
217 2018 313 2103 oiri,
333 2017 398 2089 sed
428 2024 515 2116 quia
540 2027 737 2093 commixta
751 2021 905 2113 fizmiiia
926 2032 996 2102 est,
1020 2029 1057 2088 et
1071 2040 1146 2086 una

167 2158 184 2193 »
216 2129 342 2203 domus
357 2148 433 2219 est,
450 2137 502 2204 ita
518 2136 793 2222 vindicandum,
814 2150 921 2234 atque
940 2137 976 2237 in
988 2132 1145 2228 propriis
1203 2146 1206 2151 ’

150 2271 187 2321 o>
217 2250 336 2333 servis,
357 2264 499 2320 senatus
517 2254 695 2321 censuit.»
713 2245 801 2322 Vid.
814 2261 950 2334 tamen,
967 2268 1063 2344 quae
1076 2241 1145 2312 hae

169 2368 216 2443 de
230 2397 272 2443 re
284 2372 428 2445 disserit
439 2380 499 2446 vir
507 2375 710 2446 consutio.
730 2400 774 2445 Lu
794 2373 944 2460 Cimon,
966 2372 1004 2440 in
1018 2395 1145 2469 opere,

170 2483 359 2557 cuititulus
372 2513 380 2555 :
395 2487 426 2559 le
444 2488 540 2559 droit
547 2487 700 2559 Romaiu
712 2486 801 2558 dans
817 2509 871 2558 ses
887 2496 1145 2579 rapportsaoee

168 2601 201 2671 le
228 2601 321 2672 droit
346 2603 539 2699 Franpais‚
564 2617 599 2676 et
628 2609 678 2676 les
694 2607 876 2700 principes
894 2601 954 2673 des
972 2599 1073 2672 deux
1090 2597 1145 2670 ἰέ-

166 2718 385 2810 gislations;
408 2718 442 2787 T
438 2742 506 2788 om.
531 2713 667 2812 Vpag.
691 2739 759 2814 190
784 2728 822 2787 et
835 2738 930 2815 seqq.

583 2961 702 3013 sufflo
728 2964 754 3011 1.

238 3164 368 3242 Quando
381 3160 488 3244 legalis
500 3161 671 3223 communio
685 3159 829 3222 bonorum
843 3160 942 3223 locum
956 3159 1094 3230 babeat.¹
1188 3241 1190 3247 Α
1233 3157 1235 3162 ’
1290 3165 1296 3174 ’

217 3375 363 3448 Locum
393 3372 505 3447 habet
534 3374 749 3446 communio
782 3371 908 3473 legalis
938 3369 1144 3462 bonorum,

169 3493 317 3593 quoties
331 3489 510 3590 conjuges
534 3502 595 3561 aut
614 3501 847 3561 contractum
866 3486 1033 3588 nuptiale
1061 3514 1147 3560 om-

168 3609 258 3681 nino
269 3634 345 3682 non
362 3602 617 3693 confecerunt,
636 3619 696 3675 aut
710 3605 747 3675 in
761 3602 942 3704 ejusmodi
952 3617 1146 3677 contractu

169 3748 248 3793 non
280 3718 448 3822 expresse
483 3718 569 3791 huic
607 3722 865 3792 communioni
905 3719 1143 3820 derogarunt;
1187 3738 1193 3749 “

170 3859 391 3936 semperque
414 3834 602 3909 bonorum
624 3836 839 3909 communio
862 3833 992 3934 incipit
1019 3833 1144 3907 locum

169 3947 308 4023 habere
329 3978 351 4023 a
371 3949 431 4027 die
467 3949 729 4027 celebrationis
756 3949 992 4038 matrimonii,
1019 3951 1099 4022 Art.
1126 3975 1139 4021 1

169 4068 241 4141 Τιί.
263 4065 328 4143 VI.
