2596 4724
140 400 152 413 .
516 324 533 422 (
562 326 645 420 ¹¹)

147 449 238 527 Haec
253 467 378 527 autem
397 450 588 551 dispositio
607 475 684 524 non
700 449 765 536 ad
786 480 874 531 avos
902 455 1076 557 aviasque

100 570 330 656 extenditur,
357 565 444 667 quia
462 567 694 656 reverentiae,
715 595 797 668 quae
826 569 870 644 iis
897 567 1077 663 debetur,

98 680 323 755 satisfactum
350 707 428 757 esse
446 678 606 768 videtur,
634 680 785 781 quaudo
805 683 984 782 usquead
1004 709 1076 755 nn-

95 820 188 867 num
212 795 324 895 aetatis
342 794 556 872 vicesimum
572 795 751 896 quintum¹
763 820 894 870 eorum
914 821 1072 872 consen·

96 933 158 981 sus
187 909 402 1011 requiritur3
430 909 591 1010 denique
615 908 758 984 nullum
787 909 847 984 hic
872 908 1076 997 discrimen¹

94 1016 234 1093 factum
253 1037 306 1096 est
314 1020 442 1121 ,quod
459 1021 507 1094 ad
531 1036 676 1097 aetatem
693 1023 844 1112 attinet,
858 1022 957 1105 inter
970 1050 1072 1099 mas-

96 1133 198 1209 culos
215 1151 251 1210 et
262 1134 436 1227 feminas3
428 1153 490 1213 ·et
503 1138 654 1238 quidem
672 1137 798 1228 rectd;
788 1137 957 1223 ·nullam
961 1142 1079 1241 ιιιίιιιι

96 1264 243 1323 causam
257 1252 443 1337 videmus,
463 1278 530 1323 cur
549 1252 725 1348 obligatio
744 1252 959 1379 parentibus
979 1252 1073 1330 obe-

95 1359 271 1432 diendi'
230 1388 367 1461 ,usque
383 1363 566 1435 honorem
579 1359 794 1462 praestandi,
811 1364 912 1464 prius
928 1365 966 1436 in
980 1364 1075 1452 filiu

93 1472 180 1560 bus,
208 1501 321 1574 quam
343 1475 382 1546 in
392 1466 485 1549 filiis
514 1475 712 1576 mitigetur,
730 1474 983 1561 Differentiam
1008 1505 1075 1551 au·
1137 1563 1142 1571 ¹

94 1600 169 1660 tem
189 1615 372 1674 annorum
400 1590 497 1665 inter
517 1604 717 1690 utrumque,
738 1615 866 1672 sexum
891 1605 983 1677 tune,
999 1589 1072 1666 de-.

92 1714 197 1775 mem·
207 1701 350 1778 admitti
365 1730 474 1805 posse
489 1729 705 1793 censemus,
718 1702 869 1804 (plaudo
889 1704 1007 1805 agitur
1023 1704 1072 1779 de

92 1831 218 1903 aetate,
244 1842 328 1916 quae
356 1819 557 1917 requisitur
570 1825 574 1843 '
587 1816 634 1893 ud
658 1822 857 1901 ineundum
888 1825 1076 1892 mutrimo«

56 1954 59 1961 ¹
92 1934 208 2016 ιιίιιιιι,
234 1929 415 2028 quoniam
439 1929 665 2028 experientia
692 1929 843 2018 docuit,
876 1929 1074 2008 facultates
1154 1977 1156 1983 ·

91 2041 258 2144 physicas
276 2041 419 2165 apud
393 2041 549 2127 feminas
565 2041 683 2145 prius,
711 2067 825 2154 quatu
846 2037 944 2143 apud
972 2067 1072 2134 ιιιιι·

91 2156 196 2240 culos
215 2169 479 2241 ιιιιῑιιιιιιιιιι

139 2304 248 2380 Nune
265 2332 380 2417 pauca
398 2303 587 2377 videamus
617 2302 805 2376 delibaris
824 2301 1075 2379 naturalibusu

91 2418 162 2504 Hi,
182 2419 212 2490 si
231 2445 253 2489 ιι
271 2432 373 2518 putre
400 2415 469 2488 tite
500 2430 584 2487 sunt
603 2415 728 2515 agniti,
757 2413 840 2487 sine
867 2414 946 2515 ejus
976 2441 1072 2489 oon.

91 2556 220 2622 sensu,
250 2547 335 2606 ante
351 2530 464 2604 [etatis
496 2555 636 2602 annum
663 2527 879 2603 vicesimum
897 2529 1071 2627 quintum

91 2646 237 2747 nuptias
255 2644 479 2725 contrahere
497 2657 697 2743 nequeunt.
717 2639 922 2719 Deficiente
946 2654 1072 2716 antem

90 2772 197 2861 patre
215 2815 225 2847 ,
241 2773 304 2830 aut
320 2758 349 2831 si
368 2757 417 2829 ab
437 2783 575 2831 eonon
593 2769 678 2829 sunt
696 2755 819 2856 agniti,
835 2756 1066 2831 necessarius

92 2886 147 2948 est
165 2895 366 2946 consensus
377 2869 522 2942 matris.
542 2870 628 2942 Art.
641 2867 703 2943 16.
720 2869 865 2943 Putavit
895 2870 1067 2970 quaedam

90 2985 207 3060 sectio
223 2982 406 3059 Ordinum
425 2981 671 3084 generalium,
687 2979 919 3054 statuendum
929 2979 1041 3056 luisse
1053 3042 1069 3074 ,

93 3110 133 3170 ut
148 3094 256 3170 liberi
273 3094 478 3182 naturales,
499 3120 520 3165 a
539 3107 644 3192 patre
663 3092 794 3193 agniti,
815 3093 925 3165 etiam
939 3096 1069 3171 matris

94 3235 460 3312 eonsensumrogare
479 3207 683 3301 deberentt
707 3205 772 3282 sed
797 3208 920 3282 minus
936 3224 1066 3301 recte,
1115 3196 1116 3200 ¹

94 3323 181 3425 quia
211 3349 288 3398 non
321 3322 454 3398 endem
469 3336 524 3396 est
551 3321 645 3395 ratio
658 3320 749 3423 legis
756 3346 871 3422 ,quae
896 3339 1068 3423 respectu

91 3437 297 3513 liberorum
311 3437 560 3538 legitimorum
583 3434 695 3526 valet3
716 3434 788 3510 hoe
803 3435 904 3509 enim
930 3435 1064 3510 ultimo.
1102 3431 1115 3456 “

93 3575 180 3624 casu
198 3562 369 3653 parentes
404 3550 442 3620 in
479 3546 609 3622 eadem
638 3493 752 3620 doino
780 3545 933 3634 vivunt,
953 3544 1086 3624 ιιιιιιιι
1138 3565 1139 3568 ’

92 3663 268 3739 familiam
280 3665 463 3753 efficiunt
490 3662 650 3763 ideoque
673 3686 799 3737 secum
828 3660 986 3733 invicem
1016 3659 1064 3736 de

94 3778 277 3860 consensu
300 3796 453 3883 possunt
479 3779 702 3870 deliberare,
729 3805 814 3860 eum
835 3804 855 3851 e
875 3778 1063 3851 contrario

95 3923 200 3972 casus
225 3899 342 3974 rarius
373 3895 531 3983 accidit,
560 3912 601 3969 ut
628 3909 711 3998 post
727 3891 860 3977 seriem
879 3917 1068 3975 annorum,
1148 3888 1152 3893 ’

23 4024 27 4031 ’
93 4026 265 4115 parentes
283 4011 464 4089 naturales
484 4009 603 4087 adhue
628 4006 863 4117 cohabitent,
894 4005 969 4095 imo
985 4002 1066 4090 fieri
