2596 4724
547 420 549 426 ,
639 329 762 431 (3¹)
873 418 877 424 .

210 456 357 528 ''ta'ntum
375 446 541 558 personis
557 448 731 561 competit
745 462 800 562 jus
821 463 984 564 petendi,
1002 482 1041 540 ut
1059 468 1178 541 nullae

219 567 449 642 declarentur
464 574 628 670 nuptiae,
649 590 731 646 sunt
747 593 938 674 sequentes
956 609 963 649 :

271 719 314 770 1⁰.
341 701 374 769 Si
397 704 665 775 matrimonium
681 720 909 777 contractum
927 706 972 778 sit
987 708 1062 780 sine
1082 735 1177 781 con-

218 838 324 883 sensu
334 813 618 921 conjugum,vel
629 817 842 889 alterutrius·
851 844 991 907 eorum,
1006 847 1081 920 quo
1095 824 1180 894 casu

217 949 325 1021 agere
343 941 481 999 tantum
500 945 648 1026 possunt
668 929 861 1030 conjugem
884 931 939 1004 vel
961 932 1019 1007 ille
1048 933 1180 1034 conju—

216 1063 319 1134 gum,
336 1039 438 1139 eujus
454 1067 656 1114 ,consensus
671 1069 745 1114 non
764 1042 831 1116 fuit
850 1043 960 1131 liber,
982 1062 1016 1119 ct
1030 1045 1059 1117 si
1079 1047 1181 1121 alter·

219 1164 296 1221 utra
316 1154 472 1250 partium
487 1155 619 1227 erravit
648 1157 683 1226 in
713 1156 789 1255 ipsa
810 1183 988 1256 persona,
1022 1184 1182 1257 quacum

216 1267 488 1339 matrimonium
505 1269 597 1339 inire
614 1267 777 1350 volebat,
798 1279 938 1338 tantum
956 1270 1092 1367 conjux
1118 1298 1181 1345 er·
1230 1328 1240 1343 ,

215 1402 302 1448 rore
332 1378 450 1477 lapsus
478 1379 620 1478 nuptias
651 1379 862 1478 impugnare
888 1394 1023 1478 potest,
1060 1407 1182 1483 neque

215 1489 367 1588 amplius
396 1490 579 1562 actionem
605 1490 791 1562 instituere
823 1489 924 1578 licet,
955 1491 983 1563 si
1008 1490 1182 1593 conjuges

215 1629 281 1700 per
309 1620 378 1675 tres
400 1629 543 1676 menses
572 1600 877 1690 cohabitaverint,
901 1619 1093 1704 postquam
1120 1605 1181 1680 ille

213 1715 275 1812 qui
289 1742 366 1788 non
380 1717 579 1802 consensit,
596 1715 742 1815 plenam
757 1719 945 1816 acquisivit
959 1717 1182 1811 libertatem,

212 1844 274 1898 aut
292 1831 355 1926 qui
372 1830 520 1915 erravit,
536 1835 700 1899 errorem
715 1830 897 1926 cognovit.
919 1833 995 1903 Art.
1016 1835 1073 1907 61.

265 1973 310 2026 2⁰.
338 1956 372 2025 Si
407 1957 536 2027 initum
567 1956 611 2027 sit
641 1954 916 2028 matrimonium
945 1955 992 2028 ab
1024 1982 1086 2050 eo,
1117 1957 1184 2059 qui

214 2087 363 2168 propter
382 2069 604 2143 dementiam
620 2068 675 2142 vel
701 2066 868 2142 furorem
887 2095 997 2143 curae
1019 2084 1073 2144 est
1091 2073 1183 2145 sub-

154 2236 157 2243 ·
212 2184 345 2284 jactus,
366 2213 443 2287 quo
461 2213 545 2259 casu
564 2184 798 2286 impugnandi
813 2185 1027 2265 facultatem
1045 2188 1183 2271 habent

212 2325 296 2370 cum
330 2301 405 2399 ipse
442 2298 594 2397 conjux,
626 2298 689 2396 qm
717 2299 756 2366 in
786 2300 875 2370 cura
903 2317 971 2386 est,
1000 2317 1078 2375 tum
1104 2303 1182 2402 ejus

211 2428 331 2509 pater,
362 2425 492 2499 mater,
514 2408 793 2506 adscendentes,
823 2423 932 2508 atque
952 2410 1181 2489 collaterales

213 2553 328 2629 usque
355 2525 402 2597 ad
427 2540 596 2625 quartum
616 2522 769 2622 gradum
802 2522 998 2609 inclusum,
1020 2523 1180 2623 denique

160 2714 171 2733 ,
213 2646 362 2712 curator
399 2639 476 2736 ejus
514 2653 551 2711 et
588 2640 810 2709 Procurator
848 2635 963 2733 Regis.
1002 2637 1084 2711 Art.
1117 2636 1179 2747 62,

213 2751 356 2824 Publici
394 2751 492 2822 enim
522 2747 659 2822 ordinis
690 2747 856 2834 interest,
889 2773 966 2834 eos,
1003 2750 1067 2849 qui
1092 2776 1180 2823 sana

214 2879 338 2939 mente
364 2889 439 2936 non
470 2862 643 2962 gaudent,
666 2888 750 2933 cum
775 2861 902 2935 revera
926 2887 1001 2934 non
1028 2873 1180 2939 consen-

212 2981 319 3065 tiant,
341 2976 615 3048 matrimonium
643 2974 734 3048 inire
763 3001 839 3048 non
871 3003 990 3074 posse.
1023 2979 1178 3055 Simulac
1216 3075 1219 3083 Ι

212 3120 298 3167 vero
327 3090 374 3164 ad
402 3119 525 3164 sanam
560 3104 722 3162 tuentem
755 3088 892 3188 conjux
922 3089 982 3161 ille
1013 3090 1176 3182 redierit,

214 3211 311 3283 solus
328 3212 403 3310 ipse
423 3209 553 3281 retinet
567 3205 777 3282 facultatem
797 3202 961 3306 petendi,
980 3219 1018 3277 ut
1036 3205 1177 3282 nullum

212 3321 418 3396 declaretur
436 3319 726 3405 matrimonium,
748 3316 859 3416 idque
877 3315 934 3414 jus
952 3319 1061 3388 ctiam
1077 3321 1178 3394 amit.
1283 3423 1286 3428 .

210 3436 265 3523 tit,
287 3438 314 3508 si
336 3462 403 3533 per
417 3460 480 3507 sex
495 3458 654 3518 menses,
675 3446 757 3530 post
775 3429 912 3501 linitam
933 3455 1070 3518 curam,
1091 3458 1176 3505 cum

211 3549 324 3618 altero
345 3543 502 3642 conjuge
521 3543 745 3613 habitaverit.
779 3543 812 3613 d.
831 3556 898 3634 ert.
921 3542 980 3614 62.

244 3679 305 3749 3⁰.
331 3675 365 3746 Si
390 3671 526 3774 nuptiae
546 3671 643 3742 initae
663 3669 733 3742 sint
758 3683 840 3742 ante
861 3671 993 3770 justam
1024 3685 1174 3741 contra-

207 3789 371 3860 bentium
384 3803 542 3874 oetatem,
563 3811 637 3884 quo
658 3811 741 3857 casu
758 3810 865 3884 agere
880 3797 995 3882 potest
1008 3783 1084 3859 sive
1098 3784 1175 3886 ipse

208 3898 345 4000 conjux
362 3900 428 4000 bac
448 3914 552 3975 aetate
569 3899 707 3986 minor,
726 3898 800 3971 sive
818 3901 1040 3981 Procurator
1056 3900 1176 3996 Regis,

208 4014 268 4091 cui
284 4011 429 4111 utrique
446 4013 523 4085 baec
537 4010 686 4087 facultas
701 4009 888 4105 adimitur,
907 4009 933 4082 si
951 4008 1086 4110 conjux
1099 4008 1172 4104 ille,
