2596 4724
221 517 389 604 spectant
402 530 534 579 eorum
545 506 662 598 bona,
679 507 726 581 de
739 504 873 607 quibus
885 505 1003 606 agitur
1015 511 1117 578 titulo
1137 507 1173 574 V
1169 502 1194 576 I

218 633 254 692 et
288 621 526 722 sequentibus.
563 621 669 697 Hanc
702 622 894 696 materiem
929 647 995 695 nos
1030 620 1069 693 in
1102 620 1191 692 duas

218 745 341 829 partes
357 757 479 806 sumus
494 731 660 823 divisuri,
682 734 719 806 in
733 759 893 832 quarum
908 733 1024 807 alteri
1042 757 1192 833 agemus

218 841 266 918 de
276 854 439 942 personis
456 847 673 950 conjugum,
688 849 726 920 in
741 847 853 921 alterb
864 861 985 921 autem
998 846 1045 920 de
1061 871 1193 920 eorum

220 955 332 1032 bonis.

268 1088 549 1164 Observandum
579 1105 655 1178 est,
687 1089 911 1189 legislatores
942 1088 1109 1189 Belgioos
1133 1089 1194 1160 bic

220 1198 332 1271 alium
348 1217 384 1274 et
395 1202 588 1275 meliorem
607 1201 779 1276 ordinem
805 1228 884 1276 esse
903 1215 1059 1287 secutos
1081 1226 1194 1299 quam

63 1288 66 1305 ¹
108 1327 113 1333 '
219 1310 397 1404 Gallicos,
411 1316 550 1417 quippe
565 1317 630 1416 qui
645 1314 720 1416 jam
743 1315 917 1389 hocloco
943 1313 990 1387 ab
1009 1328 1077 1386 nrt.
1101 1313 1193 1405 204,

218 1429 410 1528 usquead
438 1446 507 1504 art.
547 1457 611 1503 211
650 1430 853 1529 loquuntur
887 1428 934 1501 de
973 1425 1194 1525 quibusdam

219 1542 360 1630 officiis,
400 1570 483 1642 quae
516 1544 618 1617 liberi
649 1568 693 1616 ac
720 1562 883 1638 parentes
914 1567 997 1639 erga
1030 1557 1072 1614 se'
1098 1540 1196 1612 invi·-

218 1677 301 1725 cem
330 1652 527 1727 observare
546 1653 701 1743 debent,
731 1652 831 1725 etde
861 1654 1002 1725 caeteris
1021 1652 1195 1725 omnibus

218 1781 329 1866 agunt
351 1767 389 1839 in
407 1768 513 1844 titulo
543 1770 586 1842 de
599 1774 723 1865 patria
749 1782 926 1865 potestate
935 1796 950 1856 ‚·
974 1781 1042 1840 art.
1073 1767 1139 1865 371
1162 1782 1196 1839 et
1241 1812 1245 1835 ι

216 1909 310 1985 seqq.
329 1884 436 1959 Hanc
454 1885 563 1988 igitur
580 1900 697 1959 totam
713 1883 906 1957 materiem
925 1899 1094 1956 auctores
1114 1880 1195 1982 Co-

219 1997 310 2073 dicis
342 2002 457 2073 nostri
488 2001 526 2071 in
556 2027 633 2073 uno
663 1999 770 2071 titulo
802 2001 845 2072 de
874 2003 995 2094 patria
1023 2013 1198 2093 potestate
1250 2035 1253 2041 ¹

219 2112 540 2213 comprehendere
566 2112 636 2186 sibi
654 2124 950 2210 proposuerunt3
978 2113 1074 2207 conf.
1104 2114 1197 2184 Bes-

212 2229 405 2322 ponsiones
424 2226 475 2296 ad
503 2224 645 2298 Observ.
669 2226 777 2296 Titui.
808 2226 853 2312 V,
874 2241 942 2296 nrt.
969 2250 997 2296 t.
1018 2224 1057 2297 E
1078 2224 1196 2324 capite

220 2351 343 2411 tamen
376 2337 522 2410 Codicis
548 2336 711 2424 Gallici,
737 2333 838 2437 quod
869 2334 1105 2409 inscribitur:
1137 2339 1196 2410 des

217 2452 425 2552 obligations
444 2460 681 2554 qninaissent
696 2455 746 2526 dn
764 2459 938 2553 mariage,
956 2480 1048 2526 unus
1065 2460 1198 2528 articu-

216 2571 275 2639 lus
296 2566 383 2655 203,
403 2565 478 2662 jam
496 2567 534 2638 in
552 2572 701 2640 titutum
722 2572 892 2667 quintam
912 2564 1058 2639 Codicis
1083 2568 1196 2638 nostri

219 2696 273 2783 est
290 2682 545 2782 transcriptus,
575 2681 754 2784 quoniam
782 2681 860 2756 haea
877 2681 1070 2784 dispositio
1099 2681 1197 2779 ipsos

203 2788 398 2894 'coniuges
413 2809 572 2891 spectat,
591 2810 703 2894 atque
723 2796 850 2882 efficit,
872 2810 912 2867 ut
931 2795 1023 2868 alter
1042 2794 1198 2866 alterum
1218 2786 1222 2793 ⁸

105 2924 112 2940 '
219 2929 354 3003 cogere
388 2904 534 3003 possit,
573 2903 620 2975 ad
664 2904 978 2978 contribuendum
1014 2905 1196 2979 alimentis

219 3031 335 3117 atque·
345 3014 555 3094 educationi
570 3015 786 3092 liberorum.
803 3019 840 3092 V
837 3018 884 3091 id.
903 3019 986 3093 Art.
1008 3043 1036 3090 r.
1054 3021 1124 3092 Tit.
1148 3023 1192 3094 V.

632 3235 732 3297 vPARS
749 3226 779 3297 I.

220 3428 275 3500 De
301 3423 489 3528 effectibus
520 3433 758 3527 matrimonii,
791 3445 968 3530 quantam
1001 3436 1127 3504 attinet
1152 3427 1202 3499 ad

264 3567 441 3637 personas
466 3546 674 3642 conjugum,
706 3550 777 3619 sire
796 3545 840 3616 de
856 3544 1003 3641 juribus
1018 3559 1055 3618 et
1070 3540 1197 3642 officiis

182 3671 185 3676 '
270 3658 473 3755 cotijrtgum.

272 3822 449 3915 Quaedam
467 3822 549 3924 jura
569 3825 764 3926 officiaque
781 3825 901 3900 solum
911 3825 1082 3896 maritum
1096 3848 1200 3923 spec·

214 3950 310 4035 tant,
329 3938 398 4012 alia
418 3965 584 4030 uxorem,
604 3939 672 4014 alia
686 3940 846 4043 denique
862 3954 1060 4038 utrumque
1080 3939 1198 4016 simul.

270 4068 392 4154 Solam
410 4076 582 4146 maritam
597 4085 764 4173 spectant
782 4067 999 4170 sequentia:
