2596 4724
592 329 723 428 (79)

170 457 339 533 relictum
369 457 514 530 irritum
538 453 658 544 foret,
677 457 706 529 si
737 470 886 532 testator
907 456 990 532 aitte
1017 469 1145 529 natum

86 640 88 649 .
167 572 383 672 legatarium
416 571 633 656 moriretur,
668 569 770 669 quod
801 596 877 644 nou
912 568 1039 644 itidem
1066 594 1143 643 sese

166 687 322 759 baberet
353 686 495 758 ratione
525 684 735 757 donationis
762 699 953 758 contractu
982 684 1136 784 nuptiali

166 794 634 900 factae‚['31¹optereaquod
665 799 743 872 haec
786 799 1035 894 irrevocabilis
1064 815 1140 888 est;

167 935 289 1008 neque
305 911 410 1009 igitur
422 926 521 982 tanta
534 909 792 984 benevolentia
809 939 878 1011 pro
897 911 1036 984 infante
1048 937 1141 984 uon-

165 1023 255 1095 dum
278 1041 364 1097 nato
392 1025 471 1096 dari
502 1051 607 1124 posse
630 1025 705 1098 visa
733 1041 805 1112 est,
833 1041 874 1097 ut
905 1025 1140 1100 irrevocabili

163 1135 288 1208 favore
305 1139 490 1209 afficiatur.
502 1140 536 1209 V
533 1140 582 1209 id.
596 1139 768 1230 Respons.
785 1139 834 1208 ad
844 1137 981 1210 observ.
995 1154 1063 1207 art.
1081 1139 1139 1211 38.
1250 1127 1258 1139 ’

162 1247 408 1332 Donationes,
429 1272 512 1344 quae
526 1248 769 1345 conjugibus,
787 1271 992 1345 eorumque
1012 1245 1140 1319 liberis
1192 1336 1195 1345 Ι

127 1350 135 1369 Χ
163 1359 295 1432 futuris
318 1360 365 1431 ab
386 1360 464 1431 aliis
488 1358 596 1447 fiunt,
611 1359 781 1458 quaedam
804 1361 912 1432 etiam
929 1361 1144 1434 communia

162 1472 300 1547 habeut
313 1501 399 1546 cum
415 1473 677 1548 donationibus
691 1472 737 1547 de
751 1471 887 1574 quibus
900 1476 919 1571 §
928 1476 1145 1571 procedenti

168 1588 317 1686 egimus.
335 1588 405 1674 sic;

215 1747 258 1800 1⁰.
286 1729 497 1807 Consistere
518 1744 670 1824 possunt
684 1743 761 1800 tam
778 1727 938 1804 inbonis
951 1730 1142 1829 praesenti·

162 1840 254 1924 bus,
277 1853 312 1910 et
327 1841 363 1908 in
382 1839 625 1909 instrumento
640 1835 818 1922 definitis,
836 1865 947 1934 quam
961 1841 1143 1930 inbonis,

162 1948 1140 2051 quaedonatortemporemortisestrelicturus.Art.274¹

163 2069 277 2164 junci.
298 2066 384 2188 Art...
398 2063 457 2163 39.
1004 2052 1017 2065 ’

211 2242 259 2327 αἳ.
285 2228 440 2300 Possunt
461 2223 541 2297 fieri
566 2223 636 2298 sub
661 2221 959 2310 conditionibus,
980 2248 1141 2322 quarum

160 2341 346 2413 exsecutio
363 2338 501 2434 pendet
518 2365 537 2407 a
551 2338 739 2410 voluntate
755 2337 958 2408 donatoris.
976 2341 1056 2412 Art.
1072 2367 1132 2450 Ι29.

154 2457 269 2550 juret.
291 2454 367 2525 eod.
385 2467 455 2524 art.
471 2451 529 2550 39.

215 2599 264 2670 3⁰.
291 2593 407 2694 AEque
423 2592 682 2667 irrevocabiles
696 2607 780 2668 sunt
791 2619 834 2666 ac
847 2590 1066 2668 donationes
1081 2595 1137 2668 in-

158 2724 215 2781 ter
242 2707 418 2808 coniuges
438 2706 597 2795 futuros,
624 2724 660 2782 et
679 2715 827 2784 articuli
851 2710 898 2783 30
929 2724 965 2781 et
994 2711 1057 2801 31,
1086 2712 1134 2786 de

159 2822 292 2924 quibus
330 2823 438 2924 suprit
473 2822 650 2912 vidimus,
685 2823 757 2898 huc
796 2840 879 2901 sunt
912 2824 1134 2928 applicandi.

158 2941 192 3010 d.
212 2952 279 3010 art.
298 2934 355 3036 39.

205 3085 255 3174 4⁰.
282 3080 424 3176 Eadem
437 3082 548 3160 etiam
562 3096 647 3153 sunt
663 3077 893 3152 observanda
908 3105 991 3178 quae
1010 3081 1031 3174 ἓ
1039 3108 1135 3176 prce-

157 3199 293 3295 eedeuti
312 3195 465 3266 diximus
484 3192 531 3265 de
548 3218 588 3266 re
606 3193 747 3291 aliqua,
764 3207 826 3265 aut
846 3194 1011 3294 pecuniae
1029 3221 1133 3269 sum-

156 3314 232 3396 ms,
253 3311 300 3381 de
317 3335 391 3408 qua
405 3307 623 3407 disponendi
643 3306 857 3381 facultatem
875 3308 945 3380 sibi
958 3335 1128 3386 reserva·-

88 3497 91 3503 ,
153 3424 245 3498 verit
259 3421 429 3494 donator.
446 3425 496 3525 cs.
513 3436 580 3491 art.
597 3420 656 3508 32,
672 3425 797 3519 juncto
812 3435 879 3493 art.
897 3421 955 3516 39.

553 3639 670 3690 ssscrto
696 3641 743 3690 vt.

389 3827 434 3891 De
448 3827 644 3890 dissolutione
660 3819 886 3892 communionis

201 4025 403 4122 Postquam
425 4025 533 4125 igitur
551 4021 724 4113 vidimus,
744 4021 938 4126 quomodo
957 4049 1127 4115 commite,
