2596 4724
628 327 646 431 'i
675 331 759 433 18)

202 459 400 560 neposvel
429 459 549 563 neptis
567 484 793 541 consensum
808 467 973 540 articulis
993 486 1036 537 12
1053 477 1090 553 et
1116 459 1178 548 ιδ.ι

199 569 314 672 hujus
343 579 409 648 tit..
428 574 645 676 requisitum
674 593 754 650 non
784 575 1049 664 obtinuerunt;
1083 590 1173 662 tuno

199 685 417 760 enimidem
442 687 536 761 ordo
561 687 812 786 observandus
844 704 931 780 est,
946 688 1011 789 qui
1042 682 1175 778 inillis

195 800 356 874 articulis
370 803 469 874 circa
482 797 1103 903 consensumestpra'escriptusArt
1113 801 1171 875 36,

68 1003 73 1009 ι
138 915 140 921 ’
193 910 230 982 Si
246 910 419 985 deficiant
427 913 483 985 avi
501 913 687 1016 aviaeque,
701 916 848 1015 cognati
863 930 900 990 et
916 918 1039 992 affines
1053 937 1173 1017 usquo

191 1021 239 1093 ad
267 1038 452 1131 quartum¹
472 1025 626 1128 gradum
663 1028 873 1119 inclusum,
902 1032 954 1128 (⁸)
985 1058 1055 1105 nec
1089 1057 1170 1107 non

165 1165 167 1167 ¹
190 1144 331 1252 tutores
351 1154 387 1212 et
400 1157 588 1218 curatores
599 1169 638 1217 se
656 1168 847 1245 opponere
863 1158 1041 1245 possunt:
1163 1218 1166 1222 .

244 1303 290 1362 1⁰.
306 1287 553 1389 Si-consensus
563 1287 695 1388 judicis
711 1316 789 1387 non
808 1288 854 1364 sit
864 1303 1010 1390 rogatus
1025 1285 1085 1362 vel
1097 1288 1166 1362 im-

187 1417 349 1503 petratus
366 1405 405 1477 in
420 1404 565 1478 casibus
582 1409 725 1480 articuli
747 1409 789 1499 ¹4
803 1424 839 1480 et
854 1433 924 1506 seq.

236 1566 286 1622 2⁰.
312 1553 471 1647 Propter
499 1576 644 1638 causas,
664 1577 755 1650 quas
774 1577 884 1649 supra
901 1551 1000 1625 circa
1017 1566 1169 1651 patrem·

97 1684 99 1687 ’
187 1679 229 1739 et
245 1678 404 1738 matrem
417 1663 583 1738 numeris
599 1665 649 1755 3⁰,
668 1666 721 1759 4⁰,
742 1664 791 1756 5⁰,
809 1677 846 1738 et
857 1665 898 1737 6⁰
913 1666 1163 1766 exposuimus

180 1777 261 1853 Art.
281 1779 341 1881 37.

232 1927 383 2001 Maritus
403 1926 563 2003 divortio
591 1927 639 2000 ab
662 1951 780 2000 uxore
809 1924 995 2027 sejunctus
1026 1925 1160 1999 matri«

179 2041 310 2114 monio
338 2066 377 2114 se
402 2064 597 2141 opponere
628 2053 769 2140 potestf,
800 2038 904 2138 qood
931 2039 1035 2125 haeo,
1071 2056 1156 2114 ante

179 2148 311 2225 decem
325 2177 471 2226 menses
494 2152 554 2248 (†)
576 2149 747 2251 impletos
769 2165 852 2251 post
873 2149 1157 2241 dissolutionem

178 2263 439 2365 praecedentis,
460 2278 514 2339 est
527 2264 859 2338 contracturam.
876 2263 934 2335 38.

184 2431 188 2437 -
224 2395 396 2495 Denique
414 2398 639 2471 Procurator
668 2394 775 2495 Regis
804 2394 905 2468 hisce
938 2392 1081 2468 casibus
1112 2418 1153 2468 se

175 2510 414 2586 matrimonio
429 2534 626 2612 opponere
643 2506 756 2581 debet
775 2535 785 2581 ε

226 2656 274 2712 1⁰.
296 2639 334 2710 Si
348 2638 524 2714 alteruter
552 2635 853 2715 contrahentium
871 2635 991 2712 adhuc
1019 2637 1150 2718 matri-„

170 2750 300 2822 monio
313 2749 457 2821 vinctus
470 2765 524 2822 est
538 2805 548 2838 ,

212 3153 255 3235 (⁹)
275 3156 343 3216 Hoc
359 3154 409 3239 jos
433 3151 528 3215 liberi
555 3173 617 3213 non
645 3151 787 3227 habent,
819 3149 934 3235 quibos
958 3148 1010 3211 lex
1031 3156 1147 3232 praeter

167 3271 275 3316 casum
291 3266 350 3313 art.
374 3250 414 3330 34
428 3260 650 3326 memoratum,
671 3251 790 3334 dequo
804 3270 897 3333 sopra
913 3248 1063 3325 vidimus,
1080 3239 1145 3311 nou

161 3351 312 3435 'permisit
327 3350 485 3414 actionem
499 3349 643 3412 odiosam
657 3349 823 3412 instituere
839 3357 950 3411 contra
972 3367 1119 3432 personas
1139 3396 1149 3426 ,

164 3449 279 3532 quibos
293 3468 421 3529 semper
434 3446 591 3510 honorem
600 3445 716 3507 debent
730 3453 823 3530 atque
839 3443 1060 3508 reverentiam.
1073 3442 1144 3524 vid„

161 3543 310 3627 Respons.
324 3544 369 3606 ad
379 3545 528 3606 observat.
545 3539 612 3602 Art.
630 3544 680 3624 37.

205 3674 255 3752 (†)
268 3677 367 3737 Parvo
378 3673 430 3735 hio
444 3693 552 3735 errore
566 3670 644 3754 lapsi
658 3669 805 3734 videntur
821 3668 860 3745 ii,
885 3665 998 3750 quibos
1014 3662 1140 3733 Codicis

160 3769 328 3853 redigendi
343 3793 420 3834 cora
435 3780 484 3834 est
504 3769 686 3843 commissa;
712 3789 784 3828 cum
805 3764 1000 3826 mentionem
1020 3763 1138 3827 faciant

165 3888 201 3930 ιο
214 3872 370 3947 mensium,
386 3880 418 3933 et
433 3887 528 3950 supro
541 3881 600 3927 art.
617 3887 652 3927 ro
668 3862 826 3936 dixerint,
842 3862 974 3920 uxorem
991 3871 1139 3936 nonanto

160 3967 221 4028 300
236 3969 303 4030 dies
318 3988 335 4027 a
355 3961 408 4028 die
427 3963 641 4061 dissolutionis
655 3961 771 4047 prioris
785 3957 997 4040 matrimonii,
1016 3980 1136 4029 novom

156 4081 249 4148 posse
261 4063 459 4161 contrahere.
