2596 4724
585 351 714 446 (52)

159 474 350 572 definiunt;
370 479 455 553 hine
484 495 549 554 art.
587 509 624 567 r,
655 485 707 551 tit.
732 478 829 552 VIII
844 491 1019 580 statutum
1045 485 1119 559 est,
1156 473 1159 490 '

155 587 297 665 futuros
327 593 500 694 conjuges
518 593 737 696 praeceptis,
767 617 860 690 quae
881 587 926 663 de
950 612 1120 662 commu-

155 703 270 779 nione
287 703 392 806 legali
412 707 599 806 proposita
619 719 719 790 sunt,
755 703 940 800 quibusvis
960 725 1122 775 conven-

156 809 317 888 tionibus
345 843 451 917 posse
470 817 664 916 derogare,
699 814 899 887 dummodo
922 839 1000 887 non
1027 838 1122 885 eon-

154 929 287 998 trariae
306 928 377 999 sint
405 929 514 1000 bonis
532 928 696 1001 moribus
716 927 773 1000 vel
800 926 920 1000 ordini
947 926 1121 1027 publico.

155 1053 193 1110 et
227 1055 414 1138 praeterea
450 1040 596 1142 regulae
627 1055 820 1140 sequentes
857 1040 1121 1112 observentur:

210 1169 253 1224 1⁰.
273 1152 359 1225 Non
377 1169 526 1254 possunt
545 1154 801 1227 contrahentes
827 1153 993 1223 minuere
1021 1149 1124 1246 jura,

156 1291 251 1364 quae
263 1267 449 1366 profluunt
462 1268 643 1341 emaritali
658 1267 714 1342 vel
727 1267 841 1367 patria
855 1276 1046 1365 potestate,
1056 1260 1124 1353 ,vel

157 1406 252 1478 quae
272 1380 401 1453 lexilli
419 1382 564 1482 conjugi
581 1381 744 1473 eontulit,
758 1381 822 1480 qui
840 1379 943 1452 alteri
957 1375 1124 1476 supervi·-

156 1494 261 1566 xerit.
275 1498 354 1566 Art.
374 1522 412 1582 2,
434 1503 484 1568 tit.
514 1496 617 1567 VIII.
634 1492 749 1592 Hujus
763 1493 816 1563 rei
829 1492 922 1565 ratio
939 1504 1010 1576 est,
1025 1486 1125 1588 quod

156 1603 249 1702 jura,
268 1632 363 1703 quae
379 1608 437 1679 lex
454 1608 599 1705 conjugi
610 1607 792 1704 superstiti
800 1606 943 1692 tribuit,
960 1605 1128 1679 ordinem

156 1716 347 1816 publicum
376 1733 558 1819 spectant,
580 1734 616 1819 et
633 1717 815 1819 pertinere
839 1716 949 1788 etiam
976 1731 1132 1813 possunt

154 1828 202 1923 ad
216 1832 361 1919 tertios,
377 1832 480 1906 verbi
494 1859 623 1922 eausa,
641 1831 686 1903 ad
701 1831 856 1928 liberos,
872 1855 916 1902 ex
930 1832 1127 1929 conjugum

157 1943 393 2017 matrimonio
414 1961 635 2044 procreatos.
658 1949 694 2019 V
689 1948 739 2019 id.
758 1970 914 2041 respons,
930 1946 980 2017 ad
992 1944 1128 2041 obserr.

155 2061 193 2137 d.
234 2074 303 2131 art.
338 2085 372 2132 2.
410 2060 518 2132 Nulla
542 2061 659 2159 igitur
689 2060 920 2159 stipulatione
954 2057 1130 2159 conjuges

157 2172 356 2242 convenire
373 2186 545 2270 possunt,
569 2173 742 2244 maritum
757 2199 835 2244 non
850 2173 933 2246 fore
947 2189 1057 2271 eaput
1074 2173 1130 2243 fa-

156 2278 297 2367 miliae,
321 2306 405 2352 eum
431 2308 505 2354 non
532 2280 870 2370 administraturum
894 2285 1131 2356 communio—

156 2418 267 2478 nem,
295 2417 447 2464 uxorem
467 2392 584 2466 solam
605 2419 736 2466 curem
749 2392 975 2481 educationis
990 2394 1133 2468 libero-

156 2528 240 2575 rum
254 2529 332 2577 esse
346 2521 540 2604 gesturam,
556 2504 634 2605 ejus
653 2506 763 2580 solius
778 2509 1132 2597 eonsensunradma-

155 2617 370 2689 trimonium
397 2617 603 2691 liberorum
628 2619 847 2718 requisitum
876 2621 938 2706 iri,
967 2633 1027 2691 aut
1046 2647 1128 2693 eam
1158 2678 1160 2686 s

156 2732 359 2804 immobilia
378 2733 528 2834 propria
555 2734 772 2806 auctoritate
786 2730 967 2806 alienandi
983 2729 1132 2805 faculta-

157 2859 234 2917 tem
246 2871 323 2919 esse
334 2847 556 2934 babituram,
571 2872 743 2945 quaeque
755 2845 863 2944 hujus
873 2844 1015 2943 generis
1029 2844 1134 2945 plura
1149 2862 1152 2872 “

157 2971 310 3055 possunt
327 2958 542 3033 enumerari.
565 2957 687 3028 Habet
707 2971 828 3027 tamen
854 2977 949 3029 uxor
976 2953 1134 3029 faculta-

156 3087 249 3159 tem,
268 3070 622 3146 administrationem
636 3069 824 3147 honorum
843 3095 995 3143 suorum
1010 3071 1133 3144 mobi-

157 3185 249 3258 lium
271 3203 380 3285 atque
404 3185 667 3271 immobilium,
689 3198 724 3258 et
741 3184 898 3267 liberum
921 3211 1025 3259 usum
1042 3187 1135 3272 redi-

158 3295 1135 3399 tuumsuorumsibireservandi.darenRogaverunt

159 3410 339 3484 sectiones
358 3409 541 3510 qrraedam
558 3409 740 3486 Ordinum
758 3413 996 3514 generalium,
1016 3430 1137 3489 utrum

124 3516 128 3527 ’
159 3553 237 3599 non
257 3527 324 3600 hac
341 3526 579 3627 dispositione
595 3554 724 3601 revera
737 3526 888 3628 intelligi
902 3526 1032 3600 debeat
1045 3552 1133 3599 eon-

158 3639 281 3710 ventio
313 3644 544 3739 separationis
577 3639 765 3728 bonorum,
799 3653 834 3711 et
864 3637 992 3738 quidni
1023 3636 1131 3737 igitur

158 3749 230 3821 hoe
258 3776 343 3823 casu
371 3749 514 3825 disertis
540 3750 664 3824 verbis
698 3750 734 3823 id
764 3763 856 3824 esset
883 3749 1138 3848 enunciatum?

158 3865 388 3963 Responsum
416 3882 486 3955 est,
513 3864 670 3964 primam
695 3861 803 3961 hujus
819 3861 921 3960 ‚rituli
951 3851 1137 3939 sectionem

161 3975 380 4074 generaliter
393 4005 499 4081 agere
513 3979 559 4054 de
573 3975 881 4054 cenventionibus
893 3979 1138 4083 nuptialibus,
