2596 4724
632 371 721 467 (78
745 369 777 459 t

230 493 416 567 'Donatio
448 496 689 570 successionis
718 512 778 570 aut
806 497 918 598 partis
946 497 1186 570 successionis

116 703 117 706 Ἴ
207 599 417 698 donatoris,
434 610 521 683 licet
536 608 632 684 facta
645 611 690 684 sit
704 626 846 684 tantum
861 613 897 683 in
907 598 1076 685 favorem
1094 637 1187 684 con·
1226 610 1228 614 ’
1255 680 1257 687 «

206 714 335 818 jugum
356 737 417 794 aut
437 722 644 796 alterutrius
660 749 804 811 corum,
836 734 982 823 semper
1010 739 1130 796 tamen
1156 723 1185 795 si

206 830 417 907 donatarius
433 853 517 909 ante
534 838 755 911 donatorem
767 851 935 910 mortuus
954 836 1009 925 sit,
1031 834 1076 907 ad
1091 835 1185 909 libe-

206 971 269 1018 ros
284 973 328 1016 ex
346 947 418 1019 hoc
434 948 671 1022 matrimonio
689 965 902 1049 procreatos
916 949 1184 1035 transmittitur,

151 1145 154 1149 .
205 1058 254 1130 ita
287 1074 326 1130 ut
359 1074 447 1134 tunc
483 1063 633 1135 demum
680 1063 782 1139 irrita
820 1062 865 1136 sit
900 1062 980 1135 haec
1012 1061 1182 1147 donati0,
1280 1111 1283 1116 -

152 1201 157 1216 ·
205 1172 355 1270 quando
367 1172 550 1266 donator,
567 1202 654 1248 cum
673 1175 888 1263 donatario,
905 1190 983 1247 tum
999 1174 1124 1247 liberis
1139 1201 1182 1246 ac

205 1284 531 1378 descendentibus,
560 1291 623 1389 qui
642 1317 686 1362 ex
712 1290 776 1362 illo
793 1289 1027 1362 matrimonio
1048 1314 1182 1388 prove-

203 1417 350 1490 nerunt,
371 1403 580 1501 supervixit.
604 1404 682 1474 Art.
698 1402 756 1500 37.
772 1402 874 1474 Ratio
895 1398 985 1498 legis
997 1401 1112 1498 posita
1129 1415 1183 1472 cst

202 1514 240 1584 in
261 1531 456 1614 praesumta
478 1517 667 1589 voluntate
686 1514 895 1600 donatoris,
920 1515 982 1612 qui
1009 1529 1180 1585 censetur

202 1651 281 1698 non
300 1643 441 1701 tantum
465 1629 502 1696 in
523 1625 714 1724 conjuges,
738 1625 996 1696 verumetiam
1026 1626 1063 1694 in
1091 1618 1197 1704 libe-⁴

202 1764 288 1828 ros,
322 1741 387 1840 qui
420 1741 594 1814 nascituri
620 1754 721 1826 sunt,
740 1736 965 1811 beneficium
1004 1735 1177 1810 conferre
1198 1719 1212 1735 ²

93 1918 98 1926 ,
201 1850 371 1925 voluisse.
388 1853 453 1926 Est
474 1855 582 1952 igitur
603 1853 674 1925 hoc
706 1877 792 1924 casu
820 1875 950 1923 revera
980 1850 1183 1926 substitutio
1290 1941 1293 1963 Ι

200 1970 382 2066 vulgaris,
411 1995 524 2068 quam
547 1985 676 2041 natura
695 1978 904 2040 contractus
935 1966 1043 2040 tacite
1062 1969 1107 2039 ¹in
1141 1994 1179 2040 se

122 2084 127 2090 ’
172 2082 389 2169 continet,
429 2107 588 2179 quaeque
618 2106 787 2180 expressa
814 2078 902 2177 legis
934 2076 1178 2178 dispositione

201 2192 453 2265 confirmatur.

249 2355 285 2427 Si
307 2354 632 2459 ejusdemgeneris
648 2357 850 2432 donatione
867 2387 962 2434 unus
976 2360 1035 2436 vel
1054 2360 1177 2461 plures

199 2466 307 2542 liberi
337 2485 515 2544 vocantur
537 2471 575 2542 in
606 2497 710 2557 casu,
734 2497 810 2569 quo
840 2471 1110 2570 praedefunctus
1134 2471 1179 2546 sit

200 2584 427 2675 donatarius,
461 2587 540 2660 haec
574 2584 724 2660 donatio
761 2612 839 2658 non
870 2586 1037 2660 obstante
1076 2587 1178 2659 omni

200 2700 385 2773 contraria
412 2699 675 2787 conventione,
695 2697 791 2773 facta
817 2717 987 2774 censetur
1006 2702 1043 2772 in
1069 2699 1177 2774 savo-

199 2835 280 2885 rem
308 2813 476 2884 0mnium
503 2811 727 2898 liberorum,
761 2839 808 2884 ex
839 2811 909 2887 hoc
941 2815 1177 2888 matrimonio

199 2918 535 3025 procreandorum,
556 2923 634 2994 sine
650 2921 861 2994 discrimine
881 2949 985 2996 sexus
1006 2940 1068 2997 aut
1086 2941 1177 2998 aeta-

200 3041 341 3114 tisArt.
362 3039 420 3114 38.
438 3038 557 3112 Sectio
575 3035 743 3139 quaedam
754 3035 935 3110 Ordinum
949 3041 1176 3140 generalium
1233 3055 1235 3058 ’

199 3146 358 3254 rogavit,
391 3180 458 3225 cur
480 3179 558 3226 non
582 3152 709 3238 liceat,
736 3165 927 3224 contractu
953 3152 1108 3251 nuptiali
1135 3153 1174 3224 in

198 3257 366 3340 favdrcm
382 3264 489 3364 hujus
505 3265 563 3337 vel
583 3263 678 3338 illius
698 3264 844 3337 infantis
864 3265 1038 3338 nascituri
1056 3266 1175 3340 dona-

198 3383 319 3455 tiones
344 3378 490 3467 facere,
510 3405 597 3453 cum
612 3378 684 3454 hoc
704 3387 778 3453 tam
799 3374 946 3453 Gallicis
965 3407 1079 3479 quam
1097 3370 1197 3452 aliis'

198 3495 357 3598 legibus,
378 3510 597 3604 testamento
619 3495 835 3595 permissum
855 3495 900 3567 sit
918 3495 1175 3593 i'Responsum

199 3629 275 3701 est,
306 3611 532 3685 voluntatem
563 3607 860 3683 contrahentium
877 3608 947 3682 hac
968 3610 1006 3679 in
1030 3633 1072 3679 re
1099 3631 1176 3680 esse

200 3726 532 3824 circumscriptam,
559 3737 637 3795 tum
661 3722 838 3822 quoniam
857 3737 968 3821 pacta
996 3720 1173 3817 nuptialia

200 3839 370 3914 revocari
387 3851 589 3938 nequeunt,
603 3849 713 3938 atquc
728 3863 748 3910 e
761 3836 948 3909 contrario
959 3847 1173 3908 testamenta

198 3964 317 4051 usque
348 3952 394 4025 ad
413 3968 620 4026 extremum
639 3950 720 4023 vitae
739 3950 891 4023 halitum
914 3961 1076 4047 possunt
1089 3975 1176 4020 mu-

201 4064 268 4137 tari
292 4077 329 4138 et
352 4064 537 4155 revocari,
557 4079 636 4156 tum
659 4063 745 4164 quia
776 4061 936 4161 legatum
954 4074 1173 4136 testamento
