2596 4724
565 389 590 483 ¹(
619 391 724 485 ¹⁰7)
804 413 805 416 ‘

161 529 270 615 atque
297 517 524 593 econtrario
558 516 591 588 ei
619 518 846 589 notissimum
871 517 939 604 sit,
967 517 1135 588 maritum

161 644 263 699 extra
299 625 452 723 domum
482 627 728 702 concubinam
760 629 915 715 hahere,
937 653 1012 726 quo
1047 653 1130 698 casu

136 738 306 811 'nullum
337 718 540 814 remedium
575 740 718 814 illam
710 740 881 840 injuriam
909 739 1135 830 vindicandi,

163 836 230 933 ipsi
259 840 427 913 relictum
456 856 559 918 esset.

210 948 317 1024 Nunc
339 953 524 1025 videamus
549 952 595 1025 de
628 954 773 1026 actione
809 951 956 1024 divortii
981 965 1133 1052 propter

161 1050 405 1137 desertionem
440 1066 669 1139 malitiosam.
706 1065 850 1136 Institui
891 1066 969 1137 ltaec
1007 1066 1132 1152 debet,

161 1178 507 1271 quemadmodum
499 1206 572 1279 lam
593 1206 701 1277 supra
722 1177 896 1263 vidimus,
925 1203 1053 1249 coram
1078 1178 1135 1275 iu·

160 1287 241 1361 dice
254 1289 430 1363 domicilii
442 1294 658 1379 communis,
673 1290 774 1389 quod
789 1293 954 1363 ultimum
969 1307 1135 1391 tempore

161 1397 379 1477 desertionis
431 1403 605 1503 conjuges
657 1405 877 1494 habuerant,
922 1420 956 1478 et
1009 1407 1135 1506 petitio

161 1541 238 1587 non
276 1533 396 1616 potest
428 1517 584 1608 admitti,
621 1520 688 1592 nisi
724 1519 883 1618 conjux,
921 1523 984 1622 qui
1018 1521 1136 1594 domi·

158 1631 282 1704 cilium
307 1662 503 1710 commune
528 1637 606 1710 sine
637 1636 795 1736 legitima
823 1663 931 1714 causa
963 1637 1134 1739 reliquit,

158 1741 205 1813 ad
248 1745 404 1816 alterum
450 1763 635 1817 revertere
670 1749 907 1845 pertinaciter
940 1751 1131 1823 recusavit.

156 1854 228 1925 Art
245 1853 279 1924 6.
300 1854 389 1927 Haec
417 1869 538 1926 autem
559 1856 828 1953 perseuerantia
847 1856 1066 1952 requiritur,
1095 1873 1134 1928 ut

158 1964 338 2064 ejusmodi
363 1967 522 2040 divortia
548 1966 748 2067 majoribus
773 1965 1043 2040 difficultatibus
1062 1969 1133 2039 sint
1160 2050 1162 2052 v

158 2078 338 2185 subjecta,
373 2097 486 2182 utque
523 2097 690 2175 constet,
717 2074 974 2154 'desertionem
1005 2107 1135 2155 revera

158 2196 461 2270 essemulitiosam.
478 2198 553 2270 uid.
570 2199 744 2292 Respons.
761 2199 813 2269 ad
824 2197 956 2274 observ.
970 2199 1004 2276 d.
1019 2211 1085 2270 art.
1098 2199 1132 2272 6.

157 2308 300 2380 Deinde
322 2311 418 2380 actio
434 2334 512 2379 non
546 2323 667 2405 potest
691 2310 835 2378 ‘intendi
864 2327 947 2380 ante
968 2312 1136 2408 impletos

157 2418 322 2516 quinque
347 2442 482 2504 annos,
516 2429 711 2518 postquam
738 2415 877 2517 conjux
908 2417 1137 2492 domicilium

158 2556 355 2605 commune
375 2530 548 2619 deseruit,
569 2547 604 2603 et
626 2532 657 2603 si
676 2546 828 2633 propter
852 2557 997 2604 causam
1017 2531 1164 2630 legiti-x

159 2672 258 2717 mam
274 2645 450 2732 discessit,
469 2638 635 2745 quinque
651 2645 701 2717 illi
718 2647 802 2717 anni
820 2672 968 2719 currere
987 2646 1136 2719 demum

158 2761 340 2860 incipiunt
358 2787 377 2829 a
402 2776 584 2860 tempore,
602 2787 679 2861 quo
700 2761 779 2835 laaec
800 2788 906 2835 causa
919 2763 1082 2837 cessavit
1102 2765 1136 2835 d
1140 2820 1142 2824 ,

157 2889 223 2946 art
243 2876 279 2949 6
299 2875 322 2944 J
325 2874 417 2947 udex
438 2890 559 2949 autem
578 2876 775 2952 divortium
789 2891 940 2979 propter
952 2861 1135 2953 desertio-

156 3016 243 3062 nem
259 2973 477 3064 malitiosam
495 3017 570 3063 non
584 3007 706 3090 potest
726 2990 993 3076 concederes
959 2992 1028 3067 nisi
1041 2993 1137 3063 aetio

156 3107 317 3180 instituta
333 3119 370 3180 et
388 3106 603 3180 continuata
621 3106 666 3177 sit
684 3118 814 3176 contra
834 3099 1051 3202 conjugem,
1072 3106 1137 3202 qui

159 3219 386 3293 domicilium
404 3218 570 3318 reliquit,
585 3232 646 3289 aut
664 3215 736 3291 hoc
757 3241 836 3288 sese
864 3240 942 3286 non
969 3214 1140 3304 sistente,

158 3349 288 3408 contra
300 3347 512 3406 curatorem
524 3331 572 3402 ad
586 3330 658 3403 hoc
676 3327 811 3402 datum.
824 3331 903 3402 Art.
926 3355 960 3428 7.
978 3330 1138 3402 Sectioni

157 3444 305 3531 cuidam
327 3442 511 3516 Ordiuum
540 3441 768 3542 generalium
787 3466 1059 3542 supervacuum
1080 3441 1141 3511 vi-

156 3585 238 3633 sum
258 3571 334 3646 est,
356 3571 486 3630 contra
509 3568 719 3630 curatorem
734 3555 805 3654 agi,
824 3550 979 3652 quando
998 3551 1138 3651 conjux

155 3672 226 3744 rite
255 3669 383 3746 citatus
408 3683 484 3757 est;
518 3667 582 3742 sed
612 3669 689 3741 haec
718 3667 910 3768 dispositio
930 3657 1136 3738 necessaria

158 3801 212 3857 est
250 3785 295 3856 ad
332 3784 625 3887 praevertendam
664 3782 909 3872 collusionem
949 3783 1138 3882 partium;

166 3911 316 3972 curator
356 3901 454 3972 enim
490 3897 680 3972 absentem
719 3894 956 3970 defendendo
995 3899 1139 3970 efficere
1176 3901 1184 3915 “

157 4027 288 4114 potest,
320 4029 360 4085 ut
391 4031 495 4090 actor
521 4041 629 4092 causa
612 4011 765 4090 cadat.
797 4013 872 4086 oid
900 4014 1071 4144 Respons.
1091 4014 1141 4085 (ul

158 4128 291 4208 observ
323 4132 401 4206 Art
422 4155 458 4226 7.
