2596 4724
542 458 545 466 ,
583 356 719 454 (95)
1007 467 1008 470 Ν

99 523 105 536 ·
156 485 342 556 munionis
357 482 500 555 duabus
519 481 733 582 aequalibus
749 480 913 586 partibus
934 480 1134 556 intercon-

157 595 288 694 jnges,
321 620 497 668 eorumve
532 593 687 668 heredes
719 614 803 671 sunt
835 595 1055 685 dividenda,
1088 594 1134 665 ad

160 729 279 804 eaque
299 707 424 782 debita
440 710 624 808 pertinent
638 710 813 810 impensae
832 709 936 784 factae
955 711 992 781 in
1013 708 1137 808 obsig-
1210 695 1212 702 ’

157 824 372 908 nationem,
393 823 664 911 inventarium,
685 825 938 900 venditionem
950 827 1137 899 bonorum

162 938 452 1026 communionis,
479 936 684 1038 ceteraeque
712 938 758 1010 ad
777 939 995 1016 divisionem
1021 938 1138 1039 perti-

168 1064 309 1121 nentes.
345 1055 423 1124 Art.
457 1053 517 1146 64.
553 1052 757 1125 Discrimen
795 1069 918 1125 tamen
952 1069 1006 1125 est
1043 1053 1139 1125 inter

162 1164 332 1235 maritum
356 1179 393 1238 et
423 1159 594 1251 uxorem3
632 1166 781 1238 maritus
814 1167 914 1239 enim
946 1166 1140 1238 conveniri

165 1293 282 1375 potest
302 1278 348 1350 ad
368 1278 577 1350 solvenda
569 1293 708 1376 integra
727 1277 849 1351 debita
867 1277 1141 1353 communionis

162 1391 306 1491 abipso
327 1407 529 1479 contracta,
553 1392 653 1465 salvo
669 1419 835 1494 regressu
858 1394 1029 1468 adversus
1055 1420 1144 1467 uxo·

137 1536 139 1540 ·
163 1530 244 1574 rem
259 1503 382 1602 ejusve
396 1501 567 1610 heredes,
584 1503 631 1576 ad
650 1504 839 1615 dimidiam
852 1520 998 1611 partem
1010 1532 1142 1580 eorum

164 1617 700 1748 ἀεξὺίιονιιξῐιτθουρεξιᾘηάειῃ
718 1622 791 1693 Art
814 1622 878 1696 66
895 1647 987 1694 uxor
1005 1635 1140 1708 autem,

163 1732 303 1804 etiamsi
341 1734 418 1832 ipsa
454 1735 598 1804 ratione
634 1732 751 1804 debiti
790 1736 1060 1808 communionis
1097 1736 1143 1808 sit

162 1843 332 1941 obligata,
346 1845 514 1941 nonplus
533 1840 683 1913 dimidia
697 1858 803 1940 parte
824 1845 967 1916 solvere
985 1845 1142 1942 cogitur,

138 1956 235 2045 ,nisi
257 1954 429 2032 solidaria
448 1956 492 2028 sit
515 1954 702 2054 obligatio.
732 1955 812 2028 Art.
836 1955 893 2055 69.
925 1954 1008 2028 Atio
1034 1955 1144 2048 etiam

166 2065 355 2167 privilegio
369 2069 481 2142 utitur
491 2093 594 2155 ux0r;
610 2092 756 2168 semper
770 2051 869 2142 enim
881 2066 949 2140 sub
965 2043 1145 2142 beneficio

166 2180 359 2252 inventarii
386 2180 690 2253 communionem
719 2193 927 2283 acceptasse
953 2178 1144 2268 censetur,

167 2292 204 2363 id
225 2310 298 2381 est,
317 2319 395 2364 non
424 2293 502 2392 plus
523 2293 560 2361 in
591 2290 723 2388 debitis
747 2291 1018 2362 communionis
1046 2290 1145 2364 ferre
1253 2304 1255 2314 ⁴

100 2458 102 2463 -
168 2421 336 2494 tenetur,
355 2431 469 2504 quam
490 2400 593 2503 quod
620 2399 704 2473 inde
722 2401 962 2475 emolumenti
982 2403 1147 2502 aceepit,

169 2517 283 2592 modo
301 2519 445 2592 honum
468 2533 505 2591 et
531 2517 718 2589 sincerum
743 2515 990 2588 inventarium
1009 2512 1149 2588 factum

167 2630 297 2719 fuerit,
314 2647 350 2704 et
365 2655 458 2703 uxor
476 2629 660 2703 rationem
674 2626 822 2717 reddat,
845 2654 935 2701 cum
947 2627 1148 2716 honorum,

168 2769 252 2840 qnae
282 2743 353 2816 hoc
385 2743 589 2815 inventario
624 2741 881 2828 continentur,
917 2754 997 2814 tum
1018 2768 1150 2816 eorum

168 2883 251 2956 quae
283 2856 351 2928 sibi
381 2855 559 2930 divisione
589 2857 822 2985 contigerunt
852 2858 933 2930 Art.
962 2860 1023 2933 65.
1040 2846 1148 2934 Ratio

167 2968 274 3067 hujus
304 2969 480 3070 privilegii
508 2993 633 3041 rursus
662 2970 699 3040 in
718 2995 762 3043 eo
790 2970 907 3070 posita
933 2984 1010 3058 est,
1044 2969 1148 3069 quod

169 3084 319 3157 maritus
351 3084 451 3157 solus
472 3081 748 3153 administrandi
778 3080 992 3154 facultatem
1021 3082 1145 3169 habet,

154 3211 206 3269 et
224 3197 326 3270 bona
349 3197 620 3271 communionis
646 3193 806 3268 alienare
826 3211 967 3297 potest3
998 3198 1028 3272 si
1049 3197 1149 3272 enim

172 3334 265 3381 uxor
280 3308 377 3416 ultra
398 3307 690 3380 emolumentum
703 3321 913 3398 teneretur,
930 3327 1054 3412 posset
1066 3339 1150 3383 ma-

172 3419 201 3494 ri
206 3440 261 3498 tus
286 3421 363 3520 ejus
390 3423 491 3493 bona
516 3420 723 3522 personalia
746 3423 1001 3497 immobilia
974 3450 1052 3498 sine
1071 3424 1149 3524 ejus

157 3532 354 3609 consensu
371 3533 548 3608 indirecte
569 3534 754 3628 alienare,
765 3539 868 3638 quod
883 3539 957 3610 Art.
979 3538 1022 3610 23
1042 3537 1149 3637 hujus
1248 3624 1250 3627 ,

178 3654 271 3725 tituli
292 3668 345 3726 est
361 3651 596 3754 prohibitum.

218 3812 460 3912 Longealiud
478 3811 678 3886 dicendum
697 3805 776 3905 e'st,'
793 3812 840 3885 de
870 3810 1020 3906 debitis,
1052 3840 1147 3914 quae
1199 3806 1201 3809 ’

156 4000 157 4004 ,
173 3928 220 4006 ad
236 3953 388 4001 uxorem
407 3926 552 4015 directe
568 3931 777 4029 pertinent,
794 3952 967 4028 quaeque
984 3930 1023 4002 in
1042 3955 1151 4004 com·
1172 3986 1174 3990 -

172 4041 390 4118 munionem
408 4057 613 4132 venerunt;‚
627 4042 675 4116 de
705 4041 760 4114 his
786 4041 884 4115 enim
902 4043 1051 4121 maritus
1070 4041 1148 4152 non
1174 4129 1176 4133 ,
1209 4114 1215 4132 ,
