2596 4724
577 415 728 511 (1¹7)

167 566 339 630 manere,
353 555 395 614 ut
408 540 552 645 utrique
565 541 712 616 alterius
731 541 873 616 indoles
886 566 1033 644 prorsus
1050 556 1138 616 nota

167 663 247 738 csse
261 656 386 756 possit.

218 818 264 876 2⁰.
289 802 505 906 Priusquam
524 803 699 906 conjuges
727 804 889 906 judicem
909 802 1053 892 adeant,
1070 801 1137 875 de-

165 913 255 990 bent
289 944 416 993 secum
449 920 606 994 invicem
643 922 885 994 instrumento
923 918 1134 993 authentico

165 1031 365 1104 convenire
395 1031 441 1105 de
475 1033 646 1107 omnibus
681 1031 955 1125 conditionibus
989 1057 1136 1130 separa-

164 1142 289 1235 tionis,
306 1159 381 1218 tam
392 1147 493 1248 quod
513 1148 560 1218 ad
574 1149 673 1248 ipsos
689 1147 828 1236 attinet,
844 1170 955 1246 quam
965 1161 1135 1242 respectu

164 1253 378 1332 liberorum.
408 1263 486 1334 Art.
503 1261 537 1335 5.

211 1419 369 1492 Possunt
382 1436 503 1494 autem
521 1421 651 1524 judicis
664 1420 963 1524 comprobationi
984 1419 1133 1493 submit·

162 1544 241 1604 tere
258 1533 524 1629 ordinationes,
544 1563 634 1641 quas
656 1536 889 1612 decreverint
906 1536 1032 1610 locum
1052 1560 1132 1607 esse

160 1645 361 1741 habituras,
397 1652 588 1727 intervallo
613 1652 767 1726 durante
794 1653 890 1726 iuter
914 1650 1133 1754 petitionem

124 1758 128 1765 ’
161 1763 442 1834 etsententiam.
463 1767 496 1834 d.
520 1779 587 1834 art.
610 1765 644 1836 5.
1222 1758 1224 1763 ¹

211 1917 258 1989 3⁰.
285 1918 417 1992 Petitio
436 1919 514 1992 fieri
529 1919 639 1992 debet
662 1914 789 1991 libello
810 1917 996 2018 supplice,
1014 1916 1130 1989 tribu-

159 2026 235 2100 nali
267 2019 441 2127 domicilii
469 2035 674 2106 communis
695 2032 876 2120 exhibito,
896 2027 1131 2130 cuijungcn-

159 2140 249 2214 dum
286 2161 339 2219 est
372 2148 580 2248 exemplum
615 2175 701 2222 cum
738 2145 989 2234 instrumenti,
1026 2140 1130 2244 quod

160 2253 206 2329 de
236 2259 435 2357 conjugum
460 2263 694 2333 matrimonio
725 2259 939 2332 confectum
959 2273 1032 2348 est,
1051 2272 1130 2329 tum

159 2372 429 2462 conventionis,
444 2371 490 2446 de
513 2400 588 2471 qua
607 2389 675 2444 art.
695 2372 727 2444 5.
746 2370 885 2442 dictum
909 2381 978 2465 est.
995 2370 1073 2440 Art.
1091 2371 1128 2445 6.

207 2532 257 2624 4⁰.
283 2531 460 2606 Tribunai
486 2532 662 2634 conjuges
680 2527 808 2631 jubet,
836 2542 877 2607 ut
893 2527 1003 2600 ambo
1022 2530 1130 2606 simul

160 2660 244 2722 ante
263 2673 377 2719 unum
395 2648 562 2748 pluresve
577 2645 718 2747 judices
734 2670 773 2717 se
795 2643 938 2728 sistant,
959 2643 1024 2743 qui
1042 2645 1128 2745 ipsis

154 2760 369 2860 gravitatem
386 2764 565 2864 propositi
578 2790 728 2865 eorum,
754 2778 790 2837 et
803 2769 987 2864 graviores
1018 2763 1127 2836 etiam

157 2878 437 2977 consequentias
448 2896 532 2953 aute
544 2877 672 2953 oculos
683 2898 834 2983 ponant⁴
850 2883 988 2977 Quodsi
1002 2897 1127 2956 tamen
1167 2917 1168 2922 ¹

159 2989 198 3061 in
221 2993 398 3094 petitione
420 2995 629 3096 persistunt,
657 2993 798 3092 jubebit
815 2994 939 3093 judex,
974 3012 1014 3069 ut
1044 3011 1128 3095 post

156 3103 388 3180 intervallum
423 3133 486 3180 sex
520 3108 702 3179 mensium
745 3107 879 3179 iterum
917 3133 955 3180 se
987 3109 1124 3183 sistant.

159 3217 236 3292 Art.
263 3247 295 3318 7.
320 3221 368 3293 Et
385 3245 448 3293 sex
461 3218 609 3293 demum
628 3241 771 3315 menses
786 3232 983 3319 postquam
1012 3217 1125 3291 altera

155 3331 236 3406 viee
260 3335 433 3435 conjuges
452 3349 762 3435 comparuerunt,
788 3332 962 3423 tribuual,
998 3335 1123 3408 audito
1174 3397 1176 3402 ,
1208 3412 1211 3419 ,

155 3449 402 3522 Procuratore
426 3449 547 3549 Regis,
582 3463 620 3536 et
648 3447 776 3522 auditis
804 3449 930 3539 etiam,
963 3464 1024 3521 aut
1055 3447 1122 3522 rite
1173 3520 1176 3526 .

156 3561 424 3637 saltem-citatis
453 3564 627 3664 proximis
648 3564 836 3667 utriusque
861 3563 1026 3664 conjugis
1057 3564 1122 3636 ad-

157 3676 429 3781 scendentibus,
460 3678 506 3754 de
525 3680 701 3780 petitione
724 3682 955 3783 pronunciat.
976 3681 1063 3752 Art
1087 3684 1120 3754 8.

145 3787 213 3871 ⁴Sic
245 3791 354 3890 igitur
389 3817 410 3864 e
450 3794 719 3896 perseverantia
737 3785 915 3894 'partium
955 3806 1139 3868 constare

156 3919 291 4008 potest,
325 3934 454 3982 eorum
489 3907 703 4011 petitionem
735 3935 812 3982 non
845 3934 922 3982 esse
953 3907 1123 3982 effectum

135 4008 140 4020 ’
157 4015 291 4091 latium
308 4018 588 4115 discordiarum,
605 4023 668 4100 sed
683 4023 800 4125 gravis
813 4049 898 4130 erga
914 4050 952 4098 se
966 4022 1126 4100 invicem
1153 4036 1154 4043 ’

157 4133 233 4212 odii
252 4153 287 4213 et
305 4136 448 4218 fastidii.
1174 4123 1176 4134 ¹
