2596 4724
226 497 450 600 obligaverit,
462 497 520 572 vel
534 494 818 597 debitum,quod
829 485 969 596 origine
979 519 1059 570 eam
1072 495 1189 571 solam

227 613 432 714 spectabat,
464 611 598 686 deinde
629 613 668 682 in
694 612 994 684 communionem
1021 611 1189 704 venerit;

224 725 296 800 His
310 729 409 800 enim
428 730 463 799 in
483 727 598 800 causis
612 725 784 825 injustum
800 724 910 810 foret,
932 724 960 796 si
976 722 1193 811 creditores,

224 838 289 938 qui
325 864 410 912 cum
437 864 551 910 uxore
581 851 861 922 contraxerant,
889 862 974 907 cum
1006 833 1124 906 valide
1153 858 1195 906 se

226 951 389 1050 obligare
410 967 545 1052 posset,
564 977 608 1023 ex
622 950 700 1046 ejus
715 950 995 1024 renunciatione
1016 948 1195 1020 damnum

226 1077 413 1161 caperent.
446 1063 546 1137 Haec
580 1062 687 1162 igitur
717 1060 784 1134 fuit
815 1087 946 1146 causa,
995 1088 1062 1134 cur
1101 1086 1195 1134 cun-

227 1177 389 1250 stitutum
412 1177 474 1263 sit,
494 1190 534 1249 ut
560 1202 653 1249 uxor
672 1200 767 1273 quae
791 1175 1044 1258 renunciavit,
1060 1173 1198 1246 nihilo-

226 1290 348 1362 minus
368 1303 518 1414 propter
537 1287 715 1389 ejusmodi
741 1287 863 1361 debita
896 1287 1086 1362 conveniri
1105 1312 1197 1385 pos-

177 1435 180 1440 ·
227 1401 289 1490 sit,
304 1399 450 1473 salvo
417 1427 495 1499 elus
510 1427 677 1500 regressu
690 1399 860 1475 adversus
876 1401 1047 1471 maritum
1055 1395 1196 1494 ,ejusve

225 1512 394 1585 heredes.
408 1513 441 1583 d.
459 1526 525 1584 nrt
542 1511 598 1609 76
614 1514 738 1584 Potest
754 1525 876 1583 autem
895 1535 988 1582 uxor
1007 1509 1197 1581 adomnes

227 1624 386 1696 actiones
415 1648 496 1694 suas
511 1620 757 1704 exercendas,
781 1635 817 1691 et
832 1620 878 1690 ad
891 1621 1198 1718 consequendum

227 1733 329 1833 quod
366 1728 570 1804 secundum
600 1729 857 1830 dispositiones
884 1736 1029 1804 articuli
1057 1734 1102 1830 75
1128 1732 1221 1830 ipsi·

228 1845 424 1947 competit,
441 1844 641 1919 convenire
673 1856 748 1917 tam
775 1845 876 1917 bona
903 1848 1197 1938 communionis,

228 1986 342 2062 quam
352 1986 408 2044 ea,
423 1985 518 2059 quae
533 1959 662 2032 marito
680 1959 827 2061 propria
842 1974 935 2034 sunt.
952 1962 1030 2034 Art.
1049 1988 1105 2061 77.
1115 1963 1202 2050 Quo

227 2074 309 2174 jure
343 2073 453 2146 etiam
485 2070 641 2144 heredes
670 2069 747 2169 ejus
773 2071 947 2170 gaudent,
980 2073 1031 2166 (Ἴ
1064 2075 1128 2144 sed
1160 2073 1198 2144 hi

115 2188 120 2195 ’
227 2213 306 2258 nou
332 2197 483 2282 possunt
511 2183 724 2282 praecipere
761 2183 872 2257 lintea
906 2199 943 2256 et
970 2184 1200 2262 vestimenta.

227 2288 511 2393 ianm).

248 2665 253 2673 '
273 2655 315 2736 (⁹)
336 2657 371 2718 In
390 2655 527 2718 srticnlo
541 2677 578 2738 77
596 2675 707 2730 errore
722 2655 857 2738 quodem
870 2658 950 2740 lspsi
965 2657 1112 2722 ridentur
1125 2679 1199 2720 auc·

228 2763 314 2816 tores
330 2754 456 2815 Codicis
472 2754 608 2835 Belgiei3
625 2774 663 2815 ex
676 2753 737 2814 hoc
761 2755 845 2814 enim
868 2755 1000 2816 articulo
1023 2756 1202 2838 intelligere

228 2849 347 2928 possis,
380 2846 429 2926 jus
470 2848 565 2909 lintea
601 2858 633 2910 et
667 2850 852 2911 vestimenta
885 2853 1059 2932 recipiendi
1080 2862 1201 2932 tantum

227 2942 321 3003 uxori
344 2945 515 3021 superstiti,
539 2944 604 3003 sive
637 2945 738 3002 vitium
771 2948 970 3006 rennnciauti
1000 2963 1203 3033 competere,

227 3041 289 3102 hnc
320 3049 425 3101 autem
450 3059 521 3113 cnm
551 3039 689 3122 aequitati
713 3051 880 3125 repugnat,
901 3051 965 3104 turn
994 3048 1127 3108 articulo
1150 3049 1202 3129 74,

120 3161 121 3165 ¹
228 3138 261 3198 in
278 3136 357 3210 fine,
381 3135 434 3196 uhi
458 3136 605 3198 universe
618 3135 774 3197 'omnibus
790 3136 953 3212 uxoribus,
970 3161 1038 3221 qnae
1062 3162 1206 3206 commu-1

228 3234 316 3294 nioni
330 3233 535 3315 renunciant,
551 3234 615 3294 haec
629 3234 760 3295 facultas
773 3234 869 3296 tribui
882 3235 1018 3298 videtur.

269 3378 318 3459 (†)
353 3377 527 3440 Universnli
548 3379 642 3439 etiam
668 3379 882 3440 communioni
909 3396 990 3441 uxor
1013 3363 1203 3445 renunciare

229 3485 436 3557 potes13tunc
460 3484 565 3536 autem
584 3475 662 3536 nihil
679 3486 824 3558 repetere
848 3487 968 3559 potest,
986 3480 1045 3540 nisi
1060 3479 1153 3541 lintea
1169 3490 1204 3542 et

230 3573 432 3645 vestimenta,
448 3593 516 3654 quae
529 3574 669 3635 usnisno
686 3574 874 3649 inserviunt,
888 3596 924 3636 ae
938 3576 1074 3637 vicissim
1085 3574 1203 3636 libera-

230 3678 282 3730 tur
297 3669 488 3750 obtigatione
505 3671 728 3732 contribuendi
750 3671 861 3733 debitis
881 3673 1126 3748 communionis,
1141 3677 1204 3738 nisi

230 3786 283 3839 ea,
301 3776 351 3826 aut
374 3771 529 3850 tamquam
547 3767 671 3849 publice
687 3780 894 3831 mercaturam
918 3791 1026 3852 agens,
1052 3780 1104 3831 aut
1130 3783 1202 3836 ante

230 3863 465 3922 matrimonium
476 3858 690 3939 contraxerit,
710 3887 773 3947 qno
787 3877 922 3950 utroque
937 3888 1008 3928 casu
1022 3889 1202 3950 regressum

229 3954 325 4015 habet
343 3955 492 4017 adversus
506 3958 673 4031 maritum,
696 3958 803 4040 ejusve
819 3960 964 4037 heredes,
989 3973 1025 4023 ut
1046 3964 1204 4027 indemnis

231 4050 442 4131 praesteturde
452 4053 594 4132 omnieo,
609 4054 805 4146 quodsolvit.
818 4055 850 4122 V
848 4056 892 4122 id.
902 4049 972 4124 Art.
988 4071 1034 4144 19,
1044 4064 1089 4128 tic
1100 4059 1202 4150 VIII.
