2596 4724
521 384 529 396 -
637 339 789 436 (102)

232 483 361 557 poenae
371 463 515 540 cuidam
528 466 684 567 graviori
699 479 803 540 erant
816 463 1198 561 condemnati,quem-

230 570 429 648 admodum
469 579 566 677 apud
605 581 804 667 Romanos,
850 591 1028 676 tanquam
1084 595 1196 647 seruos
1242 614 1244 619 f

222 711 349 782 poena
375 689 485 765 fuisse
509 692 780 783 consideratos,
809 691 968 790 ideoque
996 686 1197 762 secundum

228 820 411 902 praecepta
434 804 521 902 juris
540 806 715 891 Romani,
739 803 841 904 quod
866 806 903 876 in
924 803 1111 876 nonnullis
1134 825 1198 871 re-

228 913 397 1010 gionibus
420 916 699 1001 observabatur,
721 916 873 988 mortuis
893 914 1002 988 luisse
1025 913 1198 1012 aequipa-

227 1038 349 1124 ratos,
369 1050 455 1096 cum
479 1040 602 1099 autem
627 1025 713 1099 dein
733 1027 878 1115 Codex,
902 1055 981 1126 quo
997 1027 1198 1100 etiamnum

227 1134 384 1225 utimur,
406 1137 663 1228 conficeretur,
691 1137 880 1211 manifeste
911 1164 930 1210 e
956 1136 1197 1209 deliberatio·

228 1251 338 1324 nibus
359 1261 508 1344 concilii,
531 1245 594 1356 qui
610 1271 765 1329 vocatur
784 1257 922 1328 Conset'l
932 1255 1065 1337 d'Etat,
1085 1275 1198 1350 appa-

227 1377 307 1451 ret,
322 1363 541 1464 legislatores
561 1366 646 1440 ideo
666 1366 822 1439 maxime
841 1389 1074 1439 conservasse
1093 1385 1196 1433 mor-

227 1487 303 1547 tem
328 1477 486 1566 civilem,
518 1495 558 1550 ut
579 1479 649 1566 illi,
673 1479 736 1577 qui
755 1479 980 1575 temporibus
1006 1475 1197 1551 turbarum

227 1599 337 1683 atque
354 1615 480 1661 rerum
499 1591 750 1662 conversionis
766 1617 786 1660 e
803 1591 919 1662 Gallia
932 1590 1194 1688 migraverant,

224 1696 334 1770 bonis
363 1702 448 1788 suis,
479 1727 560 1800 quae
595 1700 647 1771 ibi
677 1701 916 1800 reliquerant,
948 1704 1192 1802 privarentur.

228 1810 336 1884 Nunc
367 1812 497 1913 igitur,
517 1839 602 1887 cum
624 1839 730 1886 novae
758 1813 857 1912 leges
876 1814 913 1884 in
939 1813 1053 1912 patria
1071 1825 1197 1883 nostra

227 1925 492 2017 conficiantur,
512 1926 611 2001 recte
632 1943 785 2028 egerunt
804 1926 1026 2028 legislatores
1043 1923 1196 2025 belgici,

132 2113 133 2117 ,
225 2053 301 2113 tam
320 2041 518 2138 immanem
537 2059 572 2116 et
588 2057 733 2141 turpem
748 2043 1011 2117 institutionem
1026 2067 1045 2114 e
1058 2040 1196 2114 Codice

224 2155 441 2251 rejicientes.
462 2155 556 2244 Quid
578 2156 677 2226 enim
695 2156 803 2226 bimis
823 2156 988 2228 moribus
1003 2155 1116 2253 magis
1130 2179 1196 2226 re-

176 2261 180 2268 *
228 2282 512 2367 pugnat,quam
536 2280 576 2339 ut
594 2267 746 2342 viventis
759 2266 875 2354 bona,
898 2267 1001 2366 quasi
1027 2280 1195 2340 mortuus

201 2374 207 2395 ‘
226 2393 334 2469 esset,
346 2378 392 2451 ad
409 2378 561 2456 heredes
574 2377 652 2479 ejus
662 2377 1075 2473 transmittanturlQuid
1089 2377 1198 2451 inhu-

223 2493 368 2597 manius
393 2493 588 2594 exoogitari
609 2508 745 2591 potest,
770 2519 881 2591 quam
899 2510 939 2567 ut
958 2494 1005 2582 is,
1024 2493 1087 2593 qui
1121 2493 1199 2567 cri-

225 2634 313 2682 men
338 2608 538 2698 commisit,
555 2623 754 2723 propterea
767 2607 846 2708 ipso
865 2607 946 2709 jure
965 2606 1199 2708 conjurasse

225 2719 367 2820 desinat
381 2749 390 2808 ;
405 2747 515 2820 quam
530 2738 570 2795 ut
589 2722 702 2809 nior,
719 2747 801 2819 quae
818 2720 1065 2795 calamitatum
1076 2718 1199 2793 mariti

224 2858 377 2905 consors
402 2858 479 2904 esse
512 2833 639 2931 cupit,
663 2833 804 2930 legibus
834 2834 920 2906 inde
948 2830 1199 2908 abstineatur?

224 2937 320 3030 Quid
340 2967 360 3010 a
385 2964 471 3009 sana
500 2941 644 3011 ratione
669 2942 864 3025 remotius,
893 2969 1005 3039 quam
1029 2960 1069 3017 ut
1089 2942 1196 3016 liberi

91 3122 96 3128 .
198 3138 200 3142 ,
222 3052 408 3154 procreati
421 3077 441 3125 e
455 3048 718 3150 conjunctione
741 3051 808 3123 viri
827 3067 861 3125 et
875 3055 1013 3143 uxoris,
1037 3057 1100 3154 qui
1117 3081 1195 3128 sese

225 3168 378 3266 diligere
394 3192 471 3237 non
488 3174 689 3256 cessarunt,
710 3161 805 3238 inter
820 3190 914 3265 quos
927 3192 1127 3267 numquam
1140 3166 1202 3238 di·
1258 3190 1261 3195 “

146 3297 151 3302 ·
225 3279 385 3351 tortium
404 3276 528 3350 locum
550 3277 696 3366 habuit,
724 3277 901 3378 illegitimi
923 3279 1007 3369 sint,
1024 3281 1202 3379 quoniam

225 3393 318 3467 alter
330 3407 541 3494 parentum,
552 3390 641 3466 dum
654 3392 762 3480 vivit,
777 3419 848 3492 pro
865 3410 1012 3468 mortuo
1025 3393 1203 3468 habetur?

110 3606 113 3611 .
222 3508 341 3610 quue
359 3507 506 3583 fictione
527 3506 633 3606 juris,
649 3533 731 3608 quae
747 3506 875 3593 ‘locum
888 3507 1026 3582 babere
1045 3507 1199 3607 nequit,

224 3624 312 3723 quia
333 3639 470 3696 naturae
483 3628 667 3722 repugnat
682 3648 690 3711 3
710 3646 821 3694 nemo
843 3622 943 3695 enim
955 3620 1060 3694 simul
1076 3621 1201 3695 vivere

226 3750 262 3809 et
290 3751 455 3809 mortuus
487 3761 564 3809 esse
594 3750 742 3835 potest3
767 3761 894 3808 nonne
917 3735 1025 3834 igitur
1049 3733 1201 3824 sufficit,

225 3851 341 3959 altero
363 3851 520 3953 conjuge
539 3850 584 3925 ad
602 3876 781 3952 poenam,
800 3877 882 3951 quae
902 3849 1089 3923 infamiam
1101 3853 1200 3925 irro-

225 3980 284 4062 gat
304 3964 567 4059 condemnato,
587 3965 692 4038 alteri
708 3962 916 4037 facultatem
936 3963 1048 4037 tribui
1069 3963 1199 4039 divor-

222 4080 315 4154 tium
329 4081 477 4183 petendi
494 4085 508 4158 ,Ρ
