2596 4724
567 325 733 424 tao)

185 443 289 517 niani
305 434 474 551 derogari
493 453 624 555 possit,
642 482 743 531 nunc
763 456 839 560 jam
855 483 1001 560 agamus
1013 460 1061 536 de
1078 458 1156 564 ejus

49 580 51 587 ⁴
143 620 147 626 .
177 556 440 641 dissolutione.

229 690 316 795 Ipso
333 695 414 796 jure
430 695 638 774 dissolvitur
651 702 878 794 communio,

233 854 278 907 1⁰.
305 837 441 926 Morte,

227 998 275 1057 2⁰.
301 981 482 1071 Divorti0,

225 1127 274 1200 3⁰.
300 1126 537 1227 separatione
552 1126 650 1201 thori
664 1144 699 1204 et
712 1156 864 1222 mensae,

222 1279 272 1368 4⁰.
299 1271 536 1374 Separatione
555 1273 756 1350 bonorum.
774 1279 854 1353 Art.
871 1279 935 1368 35,
951 1286 1004 1353 tit.
1026 1283 1090 1358 VI.

218 1389 274 1461 De
288 1400 411 1461 morte
427 1413 470 1461 ao
486 1387 643 1462 divortio
673 1388 836 1465 dicemus
852 1395 1049 1469 occasione
1069 1395 1144 1471 dis-

169 1500 362 1574 solutionis
378 1499 614 1585 matrimonii,
633 1501 804 1599 quietam
818 1504 938 1604 ipsum
953 1509 1144 1582 matrimo-

171 1614 289 1696 nium,
313 1637 425 1708 quam
449 1611 752 1682 communionem
775 1614 918 1687 tollunt.
947 1617 1028 1690 Hoc
1055 1618 1142 1694 loco

169 1738 312 1796 tantum
328 1712 694 1810 estob'servandum,
716 1739 799 1824 post
812 1740 973 1800 mortem
996 1729 1144 1805 alterius

168 1833 349 1937 conjugis,
372 1836 402 1908 si
422 1833 530 1908 liberi
547 1835 712 1910 minores
740 1837 879 1927 adsint,
908 1844 1143 1941 superstitem

168 1951 369 2051 conjugem
384 1975 514 2024 curare
542 1948 694 2038 debere,
716 1967 756 2026 ut
787 1952 882 2025 intra
906 1971 979 2030 tres
995 1968 1150 2032 menses

164 2067 350 2141 bonorum
363 2066 895 2141 communionisinventarium
909 2068 1137 2177 conficiatur.

165 2183 246 2256 Art.
264 2181 323 2264 36,
331 2185 386 2250 tit.
405 2181 441 2250 V
438 2180 468 2248 I.
487 2174 762 2275 Rogavit'sectio
774 2181 945 2279 quaedam
956 2182 1138 2257 Ovdinum

163 2291 393 2395 generalium
411 2317 477 2366 cur
499 2289 559 2365 hic
580 2317 657 2364 non
684 2291 806 2367 addita
830 2296 876 2370 sit
897 2324 1036 2398 poena,
1052 2326 1134 2400 quae

162 2425 233 2482 art.
255 2411 364 2501 1442,
386 2407 470 2480 Cod.
495 2408 614 2502 Nap,
632 2407 818 2496 statuitur,
833 2423 871 2484 ut
890 2409 1028 2485 scilicet
1043 2438 1135 2486 con-

161 2523 241 2627 jux,
265 2523 329 2624 qui
355 2521 599 2595 inventarium
616 2519 801 2593 conficere
819 2522 976 2623 neglexit
987 2522 1003 2612 ,‘
1013 2525 1135 2622 prive-

89 2678 92 2683 ’
161 2654 222 2715 tur
243 2637 432 2712 usufructu
458 2634 565 2736 legali
589 2633 776 2708 bonorum
793 2634 1026 2710 liberorum?
1044 2641 1133 2711 Res-

159 2778 321 2853 ponsum
349 2764 419 2837 est,
450 2776 536 2822 cum
563 2747 731 2821 nondum
747 2751 900 2851 quaestio
928 2748 1050 2825 decisa
1069 2752 1131 2842 sit,

140 2878 299 2946 nuum,
320 2878 356 2934 et
377 2875 557 2958 quatenus
581 2876 750 2957 parentes
773 2863 1039 2937 usumfructum
1062 2865 1133 2938 bo-

156 3002 294 3050 norum
307 2972 512 3046 liberorum
525 2971 596 3042 siut
609 2965 767 3041 habituri
780 3026 789 3057 ,
807 2971 946 3046 idcirco
961 2989 1131 3049 auctores

158 3091 306 3166 Codicis
323 3086 390 3163 sibi
410 3109 638 3171 reservasse,
660 3083 755 3158 hanc
776 3085 1015 3195 similivemve
1037 3114 1130 3188 poe·
1210 3174 1213 3179 1

157 3232 243 3280 nam
256 3200 474 3278 comminari
491 3201 529 3270 in
543 3202 660 3286 titulo,
679 3225 756 3299 quo
769 3198 944 3300 depactio
958 3217 1130 3297 potestate
1208 3289 1210 3296 ,

158 3320 295 3422 agetur.
317 3315 396 3390 Vnt.
415 3315 588 3409 Respons.
608 3315 667 3387 ad.
689 3313 820 3391 observ.
842 3317 876 3389 d.
897 3331 964 3389 art.
983 3317 1040 3391 36.
1072 3321 1078 3333 '

205 3465 289 3537 Jam
305 3463 376 3535 hoc
392 3458 544 3560 quidem
564 3458 651 3534 loco
674 3457 720 3533 de
739 3469 958 3560 separatione
974 3463 1071 3538 thori
1091 3480 1127 3536 et

155 3604 284 3653 mensa
300 3574 424 3648 dicere
444 3597 654 3672 possemus;
679 3599 763 3646 cum
788 3601 877 3648 vero
898 3577 975 3650 haec
1007 3591 1124 3648 mate·

152 3695 226 3769 ries
242 3691 355 3764 multa
371 3686 577 3775 contineat,
597 3702 678 3786 quae
696 3687 826 3768 melius
847 3689 997 3788 intelligi
1012 3703 1124 3788 pote-

153 3783 256 3898 runt,
272 3819 469 3906 postquam
489 3799 535 3872 de
554 3801 701 3876 divortia
721 3818 843 3878 actum
861 3804 943 3892 erit,
961 3829 1122 3905 cumque

153 3911 331 4024 praeterea
346 3919 424 3991 haec
441 3915 621 4017 separatio
637 3943 714 3989 non
729 3931 870 3990 tantum
886 3921 1122 3992 communio-

152 4060 240 4109 nem
271 4032 460 4122 dissolvat,
493 4031 758 4107 verumetiam
785 4032 829 4105 sit
862 4030 1016 4126 modus,
1044 4061 1121 4134 quo
