2596 4724
576 296 600 387 “(
626 296 712 391 32)

171 416 247 505 die,
268 446 342 520 quo
364 422 456 494 actio
477 420 688 512 instituitur,
710 423 839 520 justam
858 437 998 496 aetatem
1010 419 1135 520 imple·

170 532 283 619 verit,
312 533 370 604 vel
401 535 430 605 si
461 561 576 623 uxor,
596 561 676 634 quae
696 535 761 606 hae
794 549 898 608 aetate
926 534 1045 605 minor
1062 546 1129 620 est,

169 657 251 713 ante
270 644 371 715 iilum
389 645 487 718 diem
502 647 724 746 conceperit.
743 648 822 718 Art.
841 646 898 717 63.

218 773 274 862 4⁰..
294 772 330 842 Si
345 772 617 844 matrimonium
633 785 862 843 contractum
880 769 924 843 sit
948 770 1025 843 sine
1044 794 1134 841 eon-

168 906 273 954 sensu
283 885 405 982 patris,
419 884 553 967 matris,
565 895 625 953 aut
637 880 936 955 adscendentium
951 884 989 952 in
1004 883 1131 966 causis,

167 993 357 1092 inquibus
385 995 443 1067 hie
467 1019 665 1067 consensus
685 1012 762 1068 erat
785 997 1023 1082 necessarius3
1043 1008 1130 1065 tunc

166 1106 265 1179 enim
283 1122 425 1179 tantum
442 1106 487 1178 ab
505 1107 567 1180 ilio
586 1123 740 1206 possunt
757 1109 963 1209 impugnari
976 1107 1128 1205 nuptiae,

164 1217 267 1317 cujus
291 1244 490 1292 consensus
509 1221 782 1318 requirebatur,
810 1236 920 1319 atque
939 1220 997 1291 hic
1022 1219 1133 1290 etiam

88 1404 89 1409 ,
165 1327 246 1403 eam
277 1332 461 1406 actionem
490 1358 567 1404 non
595 1332 747 1432 amplius
777 1332 964 1404 instituere
995 1343 1132 1431 potest,

161 1458 355 1544 postquam
398 1446 669 1517 matrimonium
710 1447 783 1516 sive
827 1443 1013 1544 expresse,
1058 1443 1131 1514 sive

161 1555 268 1626 tacite
296 1569 414 1626 ratum
447 1555 633 1640 babuerit,
663 1571 723 1626 aut
760 1563 954 1652 postquam
982 1554 1136 1627 tacuerit

162 1687 229 1760 per
246 1688 307 1734 sex
324 1688 482 1751 menses,
505 1662 771 1761 computandos
800 1690 821 1732 a
849 1681 1033 1762 tempore,
1054 1687 1130 1760 quo

161 1775 296 1874 nuptiae
316 1775 382 1875 ipsi
401 1789 497 1846 notae
514 1772 672 1847 fuerunt.
690 1776 770 1848 Art.
793 1775 853 1848 65.

75 1994 79 1999 .
209 1904 386 1997 Quae'dam
400 1903 579 1976 Ordinum
598 1904 823 2004 generalium
839 1902 953 1977 sectio
973 1904 1129 2002 rogarit,

160 2041 226 2089 cur
254 2042 331 2088 nnn
349 2017 419 2087 hoe
447 2041 549 2102 casu,
577 2040 681 2112 aeque
701 2041 743 2086 ac
771 2013 850 2112 jure
883 2015 1133 2114 Gallic0,ipsi

160 2129 270 2200 etiam
284 2127 458 2224 conjuges
471 2127 526 2224 jus
541 2126 698 2198 habeant
715 2127 883 2224 petendi,
900 2145 939 2200 ut
951 2127 1131 2226 ejusmodi

158 2238 433 2311 matrimonium
447 2237 592 2309 nulium
611 2237 832 2329 deciaratum
853 2239 912 2309 cui
933 2240 1128 2337 ‹luaestioni

158 2348 258 2424 reete
276 2348 426 2448 quidem
451 2375 669 2451 responsum
684 2366 757 2436 est,
777 2349 834 2450 jus
855 2351 1035 2423 Gallicum
1060 2352 1128 2426 hae

159 2463 197 2533 in
213 2490 254 2536 re
269 2462 337 2536 sibi
348 2463 415 2563 ipsi
430 2489 649 2563 repugnare,
665 2490 749 2536 cum
764 2481 830 2535 art.
850 2467 913 2537 182
930 2468 1016 2538 Cod.
1030 2469 1126 2564 Nap.

161 2575 377 2677 conjugibus
411 2575 621 2649 facultatem
659 2576 841 2649 concedat
877 2577 1049 2677 petendi,
1090 2595 1129 2657 ut

159 2692 302 2766 nulium
329 2690 533 2765 declaretur
564 2692 854 2781 matrimonium,
885 2707 921 2766 et
950 2711 1016 2767 art.
1053 2721 1129 2794 seq.

159 2818 329 2879 statutum
344 2806 405 2891 sit,
422 2804 516 2876 hanc
536 2807 720 2875 actionem
747 2831 888 2879 cessare
915 2805 1126 2880 ratihabita-

160 2919 261 2991 tione
296 2919 456 3001 illorum,
492 2942 647 3014 quorum
689 2941 879 2988 consensus
917 2925 1127 3016 requiritur3

161 3029 278 3129 atqui,
314 3042 374 3101 aut
408 3052 608 3101 consensus
636 3040 829 3156 parentum
860 3029 1058 3127 requiritur
1091 3033 1128 3105 in

161 3146 319 3246 gratiam
328 3143 532 3230 liberorum
553 3157 613 3215 aut
641 3143 679 3212 in
708 3142 859 3241 gratiam
883 3134 1041 3250 ipsorum
1055 3172 1129 3240 pa-

160 3273 296 3332 rentum
328 3257 402 3352 (†);
431 3256 580 3326 tertium
610 3279 689 3325 non
724 3253 839 3326 datur.
884 3257 1005 3328 Priori
1041 3282 1130 3330 casu

180 3482 1118 3516 m—

198 3659 247 3736 (†)
266 3659 361 3720 Nabis
377 3657 504 3742 quidem
519 3660 569 3720 hie
586 3684 756 3724 consensus
771 3665 802 3723 in
818 3668 949 3746 gratiam
964 3675 1127 3744 parentum

155 3754 440 3866 requiripvidetur,
470 3748 613 3833 maxime
608 3774 759 3858 propter
784 3765 1005 3838 reverentiam,
1035 3786 1130 3846 quam

155 3849 273 3912 liberi
265 3873 302 3912 ns
319 3853 450 3932 debent,
474 3855 534 3916 boe
549 3865 652 3916 autem
666 3860 778 3920 exinde
804 3859 1002 3936 deducimus,
1020 3864 1125 3944 quod,

157 3947 277 4008 etiamsi
305 3961 374 4030 post
395 3974 509 4015 annum
526 3954 620 4016 atatis
644 3953 751 4034 XXV,
777 3957 957 4020 tiberiam
970 3982 1122 4024 consensu
