2596 4724
646 315 790 424 (¹4)

234 452 385 553 aRegc,
405 420 468 528 aut
487 480 507 527 a
523 457 790 558 magistratibus
815 457 1066 554 (ambtenaruz
1083 461 1099 554 )
1119 459 1224 560 qni-⁴·

227 563 299 639 bus
310 570 385 642 Rex
401 569 496 645 hanc
515 587 751 674 potestatem
756 572 925 663 dederit,
949 591 1104 677 propter
1117 603 1205 677 gra-
1227 666 1230 671 ,

226 705 293 755 ves
306 707 431 771 causas
439 687 570 760 harum
582 688 921 790 promulgationnm
932 689 1046 763 altera
1057 690 1203 764 remitti
1243 737 1245 742 -

226 795 297 870 Art
314 798 377 889 26
399 827 464 900 27,
487 807 533 877 28
553 816 589 874 et
605 802 697 873 30

274 926 476 1000 Continere
521 927 659 1003 debent
709 929 768 1002 hae
808 885 1123 1033 promulgationes
1169 937 1222 1010 et'

226 1038 521 1135 instrumentum,
540 1045 644 1146 qnod
663 1042 748 1117 de'‘
725 1071 768 1118 us
781 1060 834 1119 est
849 1043 1154 1120 conficiendum:

205 1160 209 1167 ‘
277 1146 603 1245 rffiPraenomina,
620 1157 792 1246 nomina,
812 1154 971 1232 aetatem
990 1174 1027 1233 et
1040 1144 1204 1234 domici

223 1177 315 1337 liuin
331 1258 542 1341 futurorum
555 1269 774 1371 conjugum,
793 1296 863 1346 nec
878 1299 957 1347 non
969 1272 1219 1350 mentionem¹

224 1379 427 1505 conjugum
442 1409 573 1457 eorum
588 1381 887 1500 praecedentium,
907 1388 937 1457 si
952 1413 1048 1486 quos
1065 1387 1208 1462 hahue-
1215 1414 1219 1423 ’

222 1490 309 1564 rint.
488 1508 491 1513 ’
853 1516 857 1527 ’

272 1637 322 1692 2⁰.
348 1621 607 1713 Praenomina,
623 1639 660 1697 et
678 1605 908 1699 domicilium
920 1599 1036 1725 ¹patris
1056 1653 1205 1723 eorum,

227 1747 338 1833 atque
355 1736 495 1810 matris.

272 1864 321 1936 3⁰.
347 1865 471 1954 Diem,
507 1865 652 1955 locum,
677 1881 713 1941 et
738 1867 889 1955 horam,
919 1864 1055 1966 quibus
1082 1866 1201 1944 factae

224 1993 310 2050 sunt
322 1979 649 2078 promulgationes,
670 2006 756 2053 cum
770 1980 977 2068 mentione,
993 1981 1086 2054 sitne
1101 1983 1208 2084 prior

225 2117 270 2163 an
289 2090 415 2162 altera.
432 2093 504 2164 Art
531 2093 590 2163 26.
670 2178 671 2182 Ἰ

256 2222 435 2294 “Durante
466 2220 659 2296 intervallo
688 2220 785 2295 inter
808 2221 898 2296 duas
922 2219 1002 2293 illes
1029 2221 1201 2320 promul-·

194 2391 196 2393 .
222 2333 400 2433 gationes,
416 2333 661 2424 instrumenti,
672 2333 781 2436 'quod
800 2332 846 2408 de
862 2333 905 2408 iis
924 2329 1205 2410 conficiendum

223 2461 299 2538 cst,
317 2472 402 2548 pars
418 2459 577 2520 extracta
599 2452 695 2542 (een
719 2446 935 2544 uictrelcsel)
956 2446 1049 2546 affigi
1068 2445 1200 2540 dehet,

223 2576 259 2636 et
274 2561 377 2634 affixa
396 2585 546 2634 manere
577 2559 624 2633 ad
643 2559 765 2634 valvas
782 2558 895 2633 curiae
921 2557 1111 2651 locorum,
1133 2559 1199 2638 uhi

222 2674 342 2751 factae
361 2690 445 2751 suut
463 2675 787 2779 promulgationes.
804 2677 888 2751 Art.
908 2699 967 2775 29.

226 3097 335 3152 nostro
359 3087 455 3150 etiam
471 3085 585 3149 fierent
611 3082 643 3145 in
665 3081 736 3146 loco
760 3077 914 3141 domicilii
933 3087 1120 3160 parentum
1148 3079 1204 3144 sed

226 3205 412 3268 responsum
428 3193 496 3258 est,
512 3182 608 3244 talem
625 3176 866 3262 dispositionem
878 3195 952 3236 cum
974 3174 1043 3237 fore
1061 3197 1207 3259 superte.

224 3305 326 3358 cuam,
339 3291 408 3342 tum
423 3282 542 3365 magnis
553 3275 789 3349 difficultatibus
803 3273 909 3336 locum
925 3272 1071 3334 daturam
1085 3276 1203 3351 fuisse;

224 3375 451 3466 supervacuam
464 3379 534 3441 fore
547 3421 557 3452 ,
572 3376 645 3461 quia
659 3371 856 3458 magistratui
867 3370 968 3433 stetds
986 3371 1086 3434 civilis
1098 3372 1203 3432 metri·

225 3478 368 3540 monium
382 3475 543 3538 celebrare
555 3494 619 3534 non
633 3472 709 3534 licet
725 3514 733 3544 ,
749 3467 810 3529 nisi
825 3475 947 3531 constet
959 3476 1107 3549 parentes
1125 3486 1202 3528 cou-

225 3598 353 3640 sensom
373 3575 517 3651 dedisse,
531 3574 578 3638 vel
599 3581 739 3633 mortuos
754 3584 822 3630 esse
835 3591 844 3641 ;
858 3567 940 3648 conf.
952 3568 988 3626 tit
1002 3565 1054 3628 tv.
1069 3578 1128 3626 art.
1145 3561 1197 3643 45.

228 3686 262 3736 n⁰
277 3696 306 3735 2.
323 3690 361 3736 et.
379 3675 416 3750 53
433 3670 667 3735 difficultatibus
692 3675 798 3729 antem
823 3683 928 3725 ansam
948 3659 1108 3742 prebere,
1124 3661 1199 3744 qnia

225 3781 395 3858 parentum
405 3771 601 3835 domicilium
615 3789 695 3850 saepe
707 3767 850 3851 ignotum
862 3771 910 3824 est
921 3760 989 3838 ,vel
1005 3757 1127 3840 lougius
1139 3759 1202 3822 dis·

226 3881 287 3933 tet.-
307 3873 387 3952 eorff.
413 3874 530 3954 versiag
549 3869 606 3930 der
627 3867 760 3928 centrale
786 3864 961 3949 qfdceling,
986 3859 1146 3923 houdende
1162 3861 1201 3925 dc

226 3970 462 4050 aanmerltlngen
483 3969 541 4029 der
553 3967 745 4049 ufdeelingen
758 3985 797 4044 op
810 3964 849 4024 de
861 3961 979 4025 twaede
993 3961 1128 4027 redactte
1143 3963 1200 4026 der

143 4048 146 4057 ⁴
169 4115 172 4119 .
223 4065 403 4132 1Ψ“εηΨ“
419 4066 497 4128 titels
506 4086 570 4129 van
584 4066 635 4127 tet
651 4061 821 4149 Burgerlijls
834 4059 878 4124 W
875 4058 991 4123 ctboelt.
