2596 4724
586 361 604 457 (
629 362 671 434 ⁸¹
698 361 717 457 )

158 487 270 591 ipsius
290 487 516 562 matrimonii
549 487 602 561 'vis
629 488 758 587 plane,
780 500 820 564 'ut
837 487 886 565 ita
907 487 1049 581 dicam,
1070 492 1128 564 iri-⁴
1208 562 1222 579 „

155 605 386 696 termittitur,
403 603 537 677 melius
557 601 742 694 duximus,
759 605 939 684 haedere
953 607 1130 710 peculiari

155 721 293 822 capite,
310 734 391 822 post
404 719 600 794 divortium
619 719 735 820 loqui.
747 720 831 794 Jam
846 723 956 824 igitur
968 721 1014 796 ad
1025 749 1127 822 sepa·
1247 804 1254 811 ,

158 842 329 912 rationem
349 837 522 912 bonorum
535 843 773 910 transeamus.

401 1067 456 1140 De
470 1064 883 1164 separationebonorum.
971 1102 976 1110 .

169 1296 171 1300 ’
205 1291 283 1365 Lex
300 1317 389 1365 cum
405 1292 563 1390 antiquis
577 1291 829 1424 temporibus,
845 1306 924 1364 tum
943 1291 1133 1370 receptio-³

155 1399 261 1474 ribus
284 1427 432 1504 semper
457 1402 780 1495 succurritaxori,
803 1406 864 1478 cui
883 1405 1004 1478 mariti
1029 1403 1133 1505 largi·
1234 1414 1237 1421 “

158 1515 278 1588 tiones
298 1514 484 1592 damnosae
506 1542 584 1590 esse
609 1512 767 1618 possunt.
791 1519 849 1594 Sic
867 1517 949 1618 jure
965 1522 1132 1593 Romano
1258 1542 1261 1551 ’

157 1650 266 1713 uxor,
289 1627 441 1726 quando
463 1628 531 1702 dos
551 1629 630 1728 ejus
649 1630 689 1701 in
710 1628 876 1733 periculo
901 1631 1133 1720 versabatur,

156 1755 218 1812 aut
235 1765 295 1813 res
311 1741 510 1813 familiares
526 1742 648 1812 mariti
666 1743 821 1814 turbatae
841 1770 919 1817 esse
932 1746 1133 1845 coeperint;

158 1873 288 1922 omnes
304 1860 421 1920 stante
439 1850 675 1922 matrimonio
696 1852 884 1927 instituere
898 1867 1044 1951 poterat
1074 1881 1135 1928 ac·

158 1963 298 2050 tiones,
325 1986 416 2062 quas
440 1961 620 2036 dissoluto
647 1989 711 2051 eo,
738 1988 913 2040 exercere
939 1968 1134 2066 potuisset,
1214 2026 1222 2045 .

158 2075 318 2175 ideoque
331 2090 501 2176 repetere
518 2085 664 2176 poterat
682 2077 782 2151 bona
805 2074 940 2153 dotalia
963 2095 999 2155 et
1016 2106 1136 2181 perse·

159 2191 223 2290 qui
247 2189 448 2264 creditores
467 2191 607 2276 mariti,
633 2192 699 2290 qui
717 2216 776 2264 res
790 2189 899 2291 hujus
923 2218 1136 2296 occupave-

157 2320 259 2392 rant,
285 2303 489 2376 dummodo
516 2329 646 2374 eorum
670 2304 875 2401 hypotheca
898 2332 976 2379 non
999 2310 1135 2409 nuptiis

158 2415 345 2512 antiquior
360 2412 482 2484 fuerit.
501 2412 559 2504 Cf.
576 2418 599 2484 l.
620 2438 666 2513 29
685 2415 723 2485 C.
740 2415 878 2512 dejure
894 2414 964 2488 dot.
983 2423 1005 2488 l.
1025 2419 1071 2510 24
1081 2417 1135 2516 ff.

158 2529 271 2602 Solut.
291 2541 398 2599 matr.
421 2524 478 2598 Sic
497 2539 618 2598 autem
640 2539 676 2597 et
691 2524 801 2599 hodie
815 2525 941 2598 datum
955 2541 1009 2600 est
1026 2532 1134 2602 uxori

158 2637 365 2713 remedium
391 2642 621 2735 separationis
646 2636 817 2710 bonorum
833 2638 887 2735 Ψ)
909 2662 983 2737 qua
1008 2636 1055 2710 de
1091 2646 1135 2712 re

199 3003 242 3081 (*)
262 3004 337 3066 Jure
365 3003 494 3087 antiquo
530 3005 716 3069 Hoilandico
747 3010 875 3090 cognita
896 3020 965 3093 erat
983 3015 1137 3090 separatio

160 3099 321 3176 bonorum3
335 3101 378 3162 ita
394 3101 477 3163 euim
493 3101 552 3179 hac
569 3102 609 3162 de
629 3123 665 3164 re
695 3102 791 3164 docet
809 3121 962 3164 ananius:
990 3129 1004 3157 a
1017 3105 1138 3167 hoewel

160 3219 200 3258 nu
212 3197 266 3259 des
280 3219 367 3260 mans
381 3197 534 3280 voogdije‚
549 3217 621 3260 over
632 3200 656 3257 s’
667 3219 788 3268 rrouws
797 3198 903 3280 goedt,
919 3203 983 3262 na't
994 3223 1137 3283 gemeene

157 3293 345 3355 laroc-recht
357 3312 413 3354 τοο
424 3314 516 3354 verre
523 3293 549 3354 is
559 3291 806 3370 streltkende‚als
814 3296 935 3377 gezeidt
948 3299 984 3374 is,
1004 3319 1061 3360 zoo
1075 3298 1140 3359 kara

158 3403 285 3473 nogtans
298 3389 418 3450 dezelve
431 3389 510 3451 door
522 3404 600 3452 τινα
622 3391 776 3453 middaten
798 3392 987 3474 ingebonden
1007 3393 1138 3456 werden

157 3477 333 3566 namenttijt
352 3483 430 3546 door
452 3485 680 3567 Huwetijtscte
701 3489 943 3565 voorwaerden,
968 3488 1138 3550 endadoor

158 3574 451 3664 boedelreheijdinge
465 3606 473 3657 3
496 3591 527 3643 et
542 3583 650 3664 paullo
674 3582 803 3647 inferias
820 3608 827 3645 ε
843 3583 977 3648 Stoende
991 3582 1138 3664 huwelijlr

158 3683 354 3747 bemerkende
361 3682 417 3745 dat
426 3681 485 3745 den
497 3704 570 3745 man
584 3683 661 3746 haer
674 3697 719 3747 tot
731 3686 874 3748 omwede
884 3681 981 3744 zoude
992 3683 1135 3768 brrngm,

157 3796 284 3860 vermag
295 3783 341 3859 hij
354 3780 491 3864 regtelijk
509 3779 813 3865 Boedelsclaezjdinge
825 3796 855 3843 te
873 3780 1042 3862 scissorium,
1059 3781 1136 3844 ende

157 3879 272 3938 haerere
286 3899 357 3938 man
373 3883 394 3938 ’t
407 3881 522 3942 bewint
537 3881 648 3942 taem
659 3882 810 3965 goederen
828 3893 856 3940 te
868 3876 948 3940 doen
960 3878 1137 3956 verbieden,
1252 3878 1256 3883 ’

157 3972 238 4038 wella
257 3974 376 4034 verbod
403 3976 505 4058 za'l'nde
530 3977 742 4060 osgeltundigt‚
766 3995 819 4037 τοο
845 3997 883 4037 en
900 3975 963 4038 tan
983 3975 1044 4037 den
1064 3995 1139 4038 mon

156 4071 275 4133 daem
309 4070 403 4133 haere
431 4073 583 4155 goederen
619 4077 684 4139 niet
726 4074 885 4156 kraftelijt
917 4078 1133 4150 acroremden,

939 4171 986 4244 M.
