2596 4724
410 374 413 381 ¹
518 307 701 359 onerario.
1042 273 1080 374 iij

128 408 195 484 vir
206 407 491 490 consultissimus
502 393 662 498 Nrcomr,
680 433 774 482 unus
792 433 836 482 ax
853 407 932 496 illis,
949 405 1081 508 quibus

125 538 265 615 codicis
300 535 488 637 redigendi
521 563 608 613 cura
645 552 698 611 est
730 535 970 623 demandata,
1003 550 1081 610 tum

122 666 237 744 etiam
255 664 436 765 praecipue
455 665 749 761 responsionibus,
771 663 903 764 quibus
920 662 1083 733 Minister

121 803 278 898 justitiae,
293 797 443 876 nomine
460 796 576 896 Regis,
588 792 719 868 refellit
732 793 985 870 observationes
998 809 1081 859 sec·-

125 925 268 999 tlonum
285 927 464 1000 Ordin'um
480 927 720 1027 generalium
733 950 890 1025 quarum
904 920 1081 996 observa-

124 1050 266 1129 tionum
280 1034 319 1129 ¹et
337 1055 617 1155 responsionum
635 1054 825 1128 occasione
846 1109 855 1138 ‚
878 1076 955 1122 non
975 1045 1020 1118 ab
1039 1069 1080 1117 re

119 1175 283 1267 ¹videtur,
316 1179 477 1263 breviter
512 1205 721 1279 exponere,
754 1201 952 1275 quamnam
986 1173 1082 1246 viam

125 1327 210 1374 cum
227 1306 314 1390 Rex,
330 1319 409 1376 tum
424 1302 578 1376 Ordines
596 1301 794 1402 generales,
811 1325 970 1373 necnon
988 1322 1079 1370 auc-

121 1446 220 1511 tores
234 1434 354 1535 legum
369 1433 594 1535 Belgicarum
612 1433 786 1507 hactenus
803 1429 917 1506 secuti
934 1431 1019 1517 sint,
1034 1426 1081 1504 ad

121 1586 260 1635 novum
276 1566 444 1641 codicem
458 1563 601 1639 civilem
617 1559 899 1637 conficiendum.

169 1724 334 1803 Primum
349 1727 476 1824 igitur,
500 1741 582 1827 post
605 1724 758 1799 faustam
777 1751 902 1801 rerum
921 1751 1080 1799 conver-

120 1849 291 1938 sionem,
320 1852 394 1923 Rex
421 1870 546 1925 noster
572 1855 708 1925 codicis
733 1854 846 1926 civilis
875 1854 1080 1953 speciminis

119 1977 310 2079 redigendi
334 1979 607 2059 munus'tribuit
636 1979 720 2053 viris
754 1976 986 2079 quibusdam,
1007 1994 1080 2057 tam

121 2105 257 2205 ingenii
271 2108 497 2207 praestantia,
516 2133 629 2208 quam
645 2105 822 2187 doctrinm
845 2104 953 2178 laude
964 2130 1079 2204 spec*

120 2235 313 2323 tutissimis,
326 2235 420 2313 inter
433 2262 526 2336 quos
543 2237 748 2312 nominasse
760 2237 912 2312 sufficiat
921 2233 1077 2308 carissi,

36 2459 41 2466 θ
118 2387 224 2438 marm
241 2363 459 2451 Karnasion,
479 2378 732 2463 promotorem
744 2363 1077 2439 aestumatissimum.

114 2492 179 2569 <Ab
201 2494 262 2569 'his
290 2521 380 2594 opus
411 2495 621 2572 confectum
653 2508 724 2581 est,
756 2491 968 2591 quodcum
999 2490 1078 2562 aliis

121 2624 260 2701 eximiis
287 2623 582 2724 dispositionibus
605 2620 827 2707 excellebat,
860 2635 940 2693 tum
970 2619 1090 2697 ctiam.

121 2751 318 2851 praecipue,
348 2749 451 2849 quod
469 2751 508 2822 in
536 2775 580 2821 oo
597 2747 758 2822 restituta
784 2761 876 2822 esset
895 2746 1085 2823 distinctio·

97 2879 208 2980 ‘juria
238 2881 407 2966 Romani,
441 2894 515 2957 tam
547 2877 772 2964 necessaria,
805 2877 918 2976 inque
950 2875 1078 2951 codice

121 3008 261 3088 Gallico
283 3008 391 3111 plane
409 3009 591 3111 neglecta,
612 3010 705 3084 inter
714 3013 775 3107 jus
796 3014 833 3079 in
854 3035 892 3083 re
910 3021 946 3079 et
960 3010 1080 3106 jasad

119 3161 209 3222 rem,
230 3149 266 3209 et
281 3135 382 3235 quod
405 3161 482 3208 non
500 3147 640 3212 tantum
658 3133 799 3238 regulas
808 3132 968 3235 jubentes
986 3160 1078 3212 con-

121 3266 268 3357 tineret,
285 3267 350 3353 sed
362 3267 471 3340 etiam
482 3256 642 3353 doceret,¹
651 3261 837 3362 quomodo
849 3263 949 3367 leges·
959 3281 1077 3341 essent

121 3390 402 3494 interpretandae
417 3451 427 3482 ‚
453 3409 488 3468 et
503 3391 731 3466 definitiones
746 3390 922 3483 traderet,
942 3392 1076 3494 quibus

120 3521 270 3623 intelligi
303 3537 444 3624 posset,
465 3549 633 3624 quaenam
662 3523 700 3593 in
719 3521 856 3623 legibus
875 3524 1076 3602 scribendis

120 3629 364 3752 legislatorum
401 3680 504 3728 mens
535 3651 654 3734 fuerit.
681 3649 931 3731 Memorabilia
963 3670 1073 3746 sunt,

121 3807 202 3880 quae
220 3784 288 3860 hac
304 3784 350 3858 de
368 3811 408 3857 re
423 3784 613 3864 dictasunt
631 3785 667 3857 in
683 3789 979 3874 commentatione,
992 3813 1073 3887 quae

119 3909 199 3989 viro
214 3911 258 3994 cl.
273 3913 438 4030 Kpapppnp
450 3914 825 4043 spontaneaeque
849 3913 1074 4015 explicantur
1150 4009 1152 4013 Ι
1255 3965 1256 3971 ,
