2596 4724
576 361 591 456 t
618 361 702 459 59)

155 481 278 555 dotem
308 498 362 557 est
386 485 593 574 constituta,
618 490 800 562 actionem
818 489 928 564 habet
951 488 1121 561 adversus

154 595 323 683 alterum,
342 599 389 669 ad
403 598 641 698 repetendam
655 601 842 677 dimidiam
858 605 951 678 dotis
967 618 1122 704 partem,

153 709 296 779 ratione
309 706 431 782 habita
446 710 596 799 valoris,
618 739 729 812 quem
749 741 808 789 res
823 729 991 815 tempore
1006 715 1126 788 dona·

154 817 265 890 tionis
283 818 417 892 habuit.
433 825 512 895 Art.
531 824 589 896 33.

154 969 157 973 ’
206 946 389 1020 Sectiones
411 955 591 1048 quaedam
618 951 798 1024 Ordinum
816 953 1040 1054 generalium
1061 980 1128 1026 ro-

160 1071 314 1156 garunt,
335 1085 402 1131 cur
428 1077 494 1133 art.
529 1065 619 1154 ¹44⁰
641 1068 725 1137 Cod.
747 1068 843 1164 Nep.
878 1065 949 1138 hoc
974 1066 1056 1138 loco
1085 1067 1129 1137 sit

159 1173 359 1281 omissum3
396 1186 431 1248 et
476 1177 574 1249 recte
610 1181 762 1250 omnino
801 1205 1018 1278 responsum
1055 1192 1128 1264 est,

158 1284 263 1357 illum
280 1287 481 1386 'articulum
507 1315 582 1360 non
601 1288 739 1362 directe
758 1291 942 1388 pertinere
959 1287 1005 1362 ad
1025 1317 1132 1363 com-

159 1400 374 1496 munionem
389 1398 575 1500 honorum
590 1459 598 1490 ‚
619 1403 681 1475 se'd
700 1389 962 1505 obligationem
976 1389 1131 1477 definire

160 1508 254 1608 ejus,
274 1511 338 1610 qui
367 1509 491 1585 dotem
519 1515 730 1603 constituit,
752 1543 852 1616 erga
879 1516 1129 1602 donatoriam,

165 1624 325 1724 ideoque
342 1625 471 1701 referri
489 1629 598 1701 etiam
611 1656 735 1730 posse,
756 1629 904 1703 eumad
923 1645 1130 1714 extraneos,
1231 1696 1235 1705 .

159 1737 223 1835 qui
260 1737 386 1810 dotem
422 1742 659 1837 promittunt,
698 1758 777 1813 tum
810 1743 858 1813 ad
894 1768 1133 1840 quascunque

158 1844 437 1946 hujusgeneris
471 1851 762 1936 eontentiones3
794 1851 896 1949 quod
932 1867 1054 1924 autem
1085 1853 1132 1923 ad

157 1984 286 2034 usuras
301 1960 396 2067 dotis
415 1963 553 2050 attinet,
572 1962 805 2054 observatur,
822 1962 999 2038 haedere
1014 1978 1133 2037 actum

153 2075 210 2146 ⁴iri
231 2076 269 2146 in
298 2082 424 2163 titulo,
455 2077 519 2176 qui
536 2078 706 2150 tractabit
727 2080 769 2152 de
785 2105 842 2168 eo,
866 2080 962 2179 qnod
978 2085 1136 2152 intereat.
1242 2122 1244 2127 ·

159 2190 231 2262 vid.
247 2190 417 2286 Respons.
438 2193 489 2264 ad
498 2190 670 2266 observat.
685 2195 764 2265 Art.
779 2193 836 2284 34.

208 2319 252 2388 In
267 2318 481 2394 universum
494 2315 654 2414 denique
673 2319 770 2388 cirea
782 2317 1133 2389 administrationem
1246 2342 1248 2346 ’

164 2429 435 2504 communionis
454 2430 644 2528 sequentia
662 2443 745 2503 sunt
762 2427 1012 2502 observanda:

208 2587 241 2630 a.
260 2556 411 2648 Quoties
432 2557 589 2657 pecunia
607 2583 627 2629 e
643 2557 905 2631 communione
928 2568 1046 2628 sumta
1065 2570 1135 2641 est,
1161 2610 1163 2617 a

162 2672 239 2746 sive
253 2668 299 2740 ad
318 2670 492 2742 solvenda
510 2668 635 2742 debita
653 2670 710 2741 vel
723 2695 857 2757 onera,
875 2669 948 2742 sive
964 2667 1009 2739 ad
1025 2692 1136 2740 reeu—
1200 2758 1206 2769 ι

162 2783 325 2885 peranda
332 2842 343 2885 ζ
363 2783 634 2870 conservanda,
655 2781 712 2855 vel
732 2780 931 2854 reficienda
952 2782 1002 2877 (f)
1016 2780 1135 2864 bona,

164 2919 262 2994 quae
276 2895 438 2968 alterutri
456 2894 602 2995 conjugi
622 2897 770 2996 propria
795 2909 897 2983 sunt,
923 2895 1135 2968 communio

163 3009 231 3082 hac
251 3008 297 3080 de
313 3035 354 3083 re
372 3008 552 3082 indemnis
568 3023 621 3080 est
636 3007 863 3108 praestanda.
876 3009 955 3079 Art.
973 3009 1031 3080 32.

213 3123 247 3197 b.
273 3125 328 3197 De
351 3123 514 3210 mulctis,
546 3122 749 3220 ceterisque
779 3120 958 3221 pecuniae
987 3119 1136 3191 summis
1196 3125 1202 3141 ⁸

165 3234 210 3306 ad
231 3261 323 3334 quas
340 3235 534 3312 solvendas
553 3234 703 3305 maritus
717 3247 869 3334 propter
888 3232 1020 3306 delicta
1042 3259 1138 3307 eon-

164 3349 355 3423 demnatus
369 3365 440 3438 est,
458 3348 672 3436 communio
692 3346 881 3419 conveniri
897 3359 1041 3444 potest,
1060 3370 1136 3442 qno

111 3524 115 3532 .
163 3482 287 3538 tamen
314 3491 400 3538 casu
423 3491 514 3537 uxor
532 3462 715 3535 indemnis
743 3477 797 3534 est
814 3456 1042 3562 praestanda.
1081 3458 1140 3528 De

164 3577 227 3651 illo
247 3592 385 3666 autem,
413 3576 460 3647 ad
491 3575 591 3676 quod
621 3573 838 3649 solvendum
866 3596 957 3644 uxor
983 3582 1136 3668 propter

208 3943 249 4022 θ’)
269 3924 475 4026 Ειόἰρίυηῑατ
487 3938 717 4024 reparationes,
729 3959 805 4023 quas
815 3938 918 4000 faeere
935 3936 1031 4000 etiam
1044 3932 1139 3996 debet
1167 3915 1170 3920 ¹

168 4039 371 4104 fructuarius.
386 4039 453 4103 Art.
468 4040 505 4115 6,
518 4049 551 4100 η0
566 4035 596 4118 4.
