2596 4724
654 372 664 417 Ι
713 373 716 379 .

152 537 157 551 ,
180 468 339 655 ffiAmbos
355 468 519 572 denique
547 338 714 574 cdnjirgei
732 479 842 548 simul
868 472 948 549 haec
967 478 1134 578 spectant

154 606 178 655 0
216 610 272 657 cla
295 612 303 656 ζ

209 744 255 800 1⁰.
279 726 429 817 Fidem,
450 753 560 828 opem
577 742 686 830 atque
701 728 878 805 auxilium
894 730 964 805 sibi
978 731 1135 808 invicem

155 836 305 912 debent.
325 842 406 914 Art.
429 872 462 914 2.

180 988 183 994 ’
207 1009 263 1064 2⁰.¹
283 987 372 1066 Solo
397 977 496 1068 facto
514 993 791 1067 matrimonium
820 991 991 1085 ineundi,
1009 995 1138 1068 mutud

156 1102 334 1206 conjuges
347 1104 856 1208 obligationemcontrahunt,
868 1107 1005 1182 liberos
1015 1107 1140 1182 alendi

156 1237 267 1321 atque
285 1220 480 1327 educandi.
503 1211 584 1296 Art.
606 1249 636 1295 t.
651 1222 683 1291 Ε
697 1248 770 1322 qua
784 1223 1023 1323 dispositione
1034 1218 1140 1312 ,non

156 1333 265 1408 liberi
287 1335 472 1408 actionem
492 1334 754 1409 nanciscuntur
774 1334 821 1407 ad
841 1335 1014 1409 alimenta
1033 1342 1059 1408 a‘
1073 1363 1141 1437 pa-

158 1445 326 1519 rentibus
358 1446 519 1547 petenda
536 1475 561 1536 ,·
585 1443 650 1520 sed
688 1445 779 1519 alter
812 1446 950 1548 conjux
983 1449 1142 1523 alterum

159 1583 296 1662 cogere
324 1575 461 1660 potest,
497 1571 539 1631 ut
571 1559 752 1634 alimentis
783 1577 894 1662 atque
928 1559 1141 1638 educationi

158 1671 366 1747 liberorum
384 1674 607 1748 contribuat.
631 1678 668 1750 V
665 1677 713 1749 id.
740 1679 914 1774 Respons.
935 1680 988 1754 ad
1003 1680 1142 1759 observ.

159 1789 194 1860 d.
214 1789 282 1860 ara
300 1814 314 1858 1
334 1803 370 1858 et
387 1781 477 1886 quae
493 1788 596 1861 initio
616 1787 724 1885 hujus
742 1791 870 1889 capitis
888 1791 1057 1866 diximus.

209 1932 259 2004 Hi
295 1945 381 2005 sunt
413 1929 523 2031 igitur
560 1927 712 2004 effectus
746 1932 999 2021 matrimonii,
1034 1936 1139 2034 quod

163 2049 293 2122 attinet
316 2043 362 2116 ad
388 2068 564 2146 personas
591 2040 810 2144 conjugum3
831 2057 916 2117 sunt
934 2044 1087 2146 quidem
1105 2063 1144 2125 et

162 2161 223 2233 alii
254 2158 423 2248 effectus,
462 2157 526 2258 qui
558 2157 698 2232 scilicet
726 2182 904 2258 personas
937 2147 1145 2238 liberorum

140 2289 343 2376 ⁴spectatum
364 2298 453 2347 eum
474 2296 566 2346 vero
580 2269 695 2357 tituli,
716 2259 861 2369 quihac
882 2271 930 2346 de
950 2301 992 2349 re
1017 2292 1145 2375 agent,

128 2470 131 2490 .
162 2386 595 2479 nondumeomomento,
608 2405 686 2481 quo
701 2381 772 2453 hoc
783 2382 971 2483 specimen
984 2389 1148 2461 conscri-

162 2500 304 2587 bimus,
326 2499 373 2572 ab
390 2494 591 2574 Ordinibus
613 2494 846 2597 generalibus
869 2496 942 2571 sint
965 2523 1145 2600 compro-

164 2613 260 2702 bati,
289 2613 384 2689 hanc
417 2610 612 2683 materiem
642 2621 799 2682 tractare
828 2633 909 2681 non
941 2609 1146 2709 potuimus,

166 2725 329 2825 ideoque
355 2738 499 2796 tantum
524 2721 933 2813 effectusmatrimonii,
955 2721 1001 2797 ad
1017 2722 1169 2824 perso·'
1207 2724 1212 2732 ’

168 2863 239 2920 nas¹
257 2835 379 2910 mariti
411 2849 448 2908 et
473 2836 597 2923 uxoris
623 2833 866 2935 pertinentes,
894 2835 1151 2924 consideravi:

169 2979 263 3028 mus.
294 3021 297 3026 .
576 3033 577 3037 ,
615 3041 617 3045 ¹

584 3065 679 3126 rans
700 3066 742 3127 11.
804 3052 814 3081 '

172 3217 226 3287 De
244 3209 437 3315 afflatibus
467 3213 685 3312 matrimonii
708 3211 903 3309 conjugum
919 3209 1026 3285 -bona
1052 3239 1152 3313 spec.

139 3331 142 3335 ’
270 3325 448 3411 tontibus,
467 3329 539 3398 sire
554 3324 597 3395 de
611 3331 854 3400 communione
874 3325 1057 3401 bonorum.

124 3519 136 3593 f
222 3487 412 3582 Sectiones
430 3504 601 3606 quaedam
629 3503 811 3578 Ordinum
830 3488 1060 3608 generalium
1084 3533 1153 3582 ro-

175 3635 331 3722 garum,¹
356 3643 472 3719 quare
501 3643 578 3690 non
604 3616 728 3721 haecce
758 3618 943 3707 materies,
976 3642 1082 3717 aeque
1109 3647 1153 3695 ac

177 3739 217 3809 in
236 3737 375 3811 Codice
395 3732 555 3821 Gallico,
577 3734 773 3808 occasione
789 3746 1047 3809 contractuum
1060 3751 1156 3837 esset

178 3852 353 3923 tractata?
381 3846 428 3918 ad
461 3873 574 3949 qnam
607 3848 905 3922 observationem
935 3872 1156 3949 responsum

180 3978 235 4038 est
250 3991 258 4034 ε
271 3961 416 4039 Codicis
430 3976 584 4064 partem,
595 3987 678 4063 quae
688 3966 966 4038 communionem
981 3961 1156 4044 bonorum

180 4077 358 4166 continet,
369 4076 418 4149 ita
433 4077 672 4179 conjunctam
686 4103 764 4155 esse
780 4077 895 4157 visam
905 4104 992 4154 cum
1010 4105 1066 4180 ea,
1080 4108 1157 4184 qua

874 4285 875 4289 Ν
975 4191 1012 4267 Η
