2596 4724
611 333 698 430 (²12
726 336 742 432 )

192 453 235 525 de
253 459 637 560 niatrimonr'o'agitur,
659 479 697 537 ut
718 477 910 564 tamquam
933 474 1168 543 reraemen-

191 563 291 642 datio
311 572 538 647 considerari
555 578 681 677 possit,
702 606 814 650 unam
841 579 1033 651 materiam
1071 580 1167 658 alter·

188 704 270 752 ram
307 685 517 760 immediate
552 689 859 788 sequi.,Proprie
889 689 1165 765 matrimonium

185 796 253 889 (ita
280 825 395 897 porro
424 826 642 899 responsum
674 809 742 894 est)
781 800 1003 874 considerari
1044 818 1165 903 potest
1219 814 1221 819 '

184 922 373 1012 tamquam
397 929 607 987 contractus
636 915 731 987 inter
749 917 867 988 virum
898 933 933 989 et
956 917 1157 1008 feminam,

184 1026 283 1099 unde
299 1024 381 1126 jura
397 1044 432 1101 et
452 1027 710 1129 obligationes,
728 1045 800 1101 tam
817 1032 959 1103 ratione
980 1058 1163 1131 persona-

182 1164 280 1227 rum,
313 1167 426 1240 quam
455 1142 640 1216 bonorum
672 1141 872 1245 conjugum
905 1143 1090 1232 oriuntnr;
1110 1160 1111 1163 ’
1130 1147 1161 1220 si

181 1254 291 1355 igitur
310 1247 507 1331 ¹indefinite
538 1259 808 1359 systhematicus
836 1257 929 1332 ordo
956 1261 994 1330 in
1022 1259 1161 1335 Codice

181 1384 277 1442 esset
295 1371 521 1469 sequendus,
549 1372 627 1443 haec
660 1385 735 1444 tota
756 1372 925 1444 materies
946 1373 1043 1445 inter
1067 1400 1161 1446 con-

179 1497 316 1556 tractus
332 1500 426 1557 esset
438 1484 671 1573 collocanda;
683 1483 747 1558 sed
759 1486 1036 1560 matrimonium
1047 1486 1159 1563 habet

106 1688 109 1693 θ
180 1596 289 1667 etiam
309 1595 476 1685 effectus,
497 1600 561 1696 qui
592 1599 777 1696 pertinent
807 1598 852 1669 ad
869 1615 1001 1673 statum
1024 1629 1158 1701 perso-

178 1733 329 1799 narum,
350 1725 386 1784 et
403 1712 481 1787 haec
501 1728 555 1789 est
569 1739 694 1802 causa,
714 1715 837 1787 curin
863 1715 1051 1804 omnibus,
1069 1745 1154 1818 quae

176 1820 329 1921 quidem
355 1839 453 1897 notae
485 1841 584 1914 sunt,
620 1826 743 1928 legum
770 1825 1069 1919 collectionibus,
1105 1829 1154 1906 de

175 1934 223 2008 de
255 1936 323 2017 hac
352 1939 504 2014 materie
534 1941 729 2013 occasione
758 1940 867 2040 primi
898 1938 989 2039 juris
1015 1941 1155 2040 objecti
1217 2016 1221 2020 .

174 2066 313 2151 agatur.
345 2055 438 2125 Cum
454 2055 564 2153 igitur
582 2055 721 2139 omnia,
739 2079 821 2152 quae
840 2054 1079 2152 requiruntur
1104 2057 1152 2130 ad

171 2163 271 2235 hunc
301 2177 533 2238 contractum
563 2164 724 2264 legitime
758 2163 985 2253 ineundum,
1003 2166 1041 2237 in
1059 2169 1152 2244 libro

166 2283 284 2373 primo
304 2293 424 2351 essent
438 2276 676 2368 collocanda,
693 2278 793 2350 ¹nulla
810 2305 918 2353 causa
936 2279 1065 2369 adfuit,
1081 2310 1150 2357 cnr

169 2392 387 2467 necessariae
406 2389 514 2492 hujus
542 2406 751 2466 contractus
772 2394 1064 2491 consequentiae,
1099 2397 1148 2469 ad

169 2506 282 2580 alium
295 2506 423 2582 locum
436 2506 681 2593 referrentur,
698 2521 810 2605 atque
825 2506 873 2577 ita
892 2508 1062 2580 materies
1081 2535 1147 2582 co-

158 2619 313 2719 ·lraerens
330 2619 492 2692 sineulla
505 2617 659 2690 utilitate
670 2615 944 2715 distrahereturt
961 2618 1145 2695 Nimirum

167 2735 381 2805 communio
413 2731 538 2830 legalis
571 2726 774 2819 bonorum,
805 2733 876 2803 nisi
909 2731 1143 2824 excludatur,
1230 2794 1234 2804 .

164 2859 410 2944 temperetur,
439 2859 501 2914 aut
526 2843 758 2930 extendatur,
786 2870 905 2940 aeque
934 2850 1163 2921 neccssaria

166 2959 390 3031 matrimonii
405 2970 459 3030 est
472 2958 756 3055 consequentia,
772 2982 813 3028 ac
829 2955 1008 3057 obligatio·
1017 2965 1143 3037 uxoris

89 3103 102 3118 ·
166 3071 366 3148 obediendi
379 3049 532 3158 marito‘,
547 3069 605 3143 vel
618 3071 755 3158 mariti,
770 3096 925 3143 uxorem
935 3073 972 3144 in
984 3071 1141 3152 domum

164 3186 383 3286 recipiendi,
395 3188 454 3260 vel
464 3184 656 3284 utriusque
672 3185 848 3285 obligatio
859 3186 1139 3281 liberosalendi,

162 3301 221 3373 vel
249 3300 410 3400 denique
438 3297 647 3400 dispositio,
682 3325 765 3399 quae
795 3315 906 3388 vetat,
939 3305 1139 3401 quominus

107 3469 108 3472 ,
161 3440 256 3488 uxor
271 3415 348 3486 sine
363 3439 546 3486 consensu
566 3413 685 3486 mariti
704 3411 804 3486 bona
824 3438 888 3484 sua
903 3411 1046 3501 alienet,
1066 3415 1137 3515 hy-

159 3528 326 3631 pothe'cae
339 3528 487 3629 obliget,
502 3529 754 3603 successiones
766 3527 872 3599 adeat
881 3541 942 3597 aut
953 3525 1135 3625 repudiet,

159 3635 357 3744 dequibus
374 3643 556 3731 omnibus,
572 3659 641 3715 nrt.
658 3667 727 3715 212
738 3658 776 3714 et
784 3667 878 3740 seqq.
895 3641 977 3711 Coa.
990 3642 1086 3735 Nap.
1098 3661 1136 3717 et
1187 3710 1191 3719 ,

160 3759 228 3830 Tit.
252 3761 288 3832 V
301 3760 387 3832 cod.
404 3760 503 3857 Betg.
523 3759 655 3858 agitur3
676 3754 1134 3858 quamobrem,cumja1n

155 3870 279 3970 aliqua
309 3870 481 3946 bonorum
508 3871 647 3945 mentio
678 3873 716 3941 in
743 3873 778 3942 d.
806 3875 858 3940 tit.
882 3871 919 3940 V
942 3890 1131 3965 occurrat,

156 3982 257 4056 nulla
272 4011 380 4060 causa
395 3986 573 4087 ‘erogitari
590 3986 724 4087 potuit,
746 4010 812 4099 cup
826 4008 904 4055 non
921 3985 1133 4066 immediate
