2596 4724
660 365 792 465 ’(70)
971 461 973 464 ,

235 495 294 598 jus
322 497 489 573 habuisse
512 497 736 571 solutionem
759 493 1007 597 persequendi
1031 494 1068 564 in
1086 493 1215 570 omnia

234 609 337 684 bona
356 613 645 702 communionis,
664 612 802 712 quippe
828 637 911 711 quae
940 624 1029 682 tnnc
1056 607 1209 683 confusa

235 740 363 816 erant;
380 726 443 801 sed
459 725 608 828 quando
627 726 707 798 haee
725 723 896 797 confusio
916 721 1031 796 modo
1048 722 1210 822 legitimo

201 934 203 941 Ι
234 843 398 928 cessavit,
416 840 567 940 quando
587 839 839 940 unusquisque
855 835 989 938 conjux
1001 838 1211 940 portionem

232 975 338 1024 suam
357 953 513 1051 accepit,
538 949 724 1039 creditor,
745 953 910 1051 quiante
934 951 1213 1025 dissolutionem

232 1065 506 1138 communionis
522 1064 578 1164 jus
592 1092 699 1139 suum
713 1066 884 1168 persequi
898 1065 1074 1165 neglexit,
1088 1091 1211 1139 rever-

230 1180 322 1253 titur
360 1181 399 1252 in
438 1181 596 1255 eandem
626 1182 913 1270 conditionem,
948 1181 987 1252 in
1024 1206 1097 1280 qua
1124 1195 1212 1253 ante

228 1297 375 1397 nuptias
391 1313 597 1373 contractas
618 1298 854 1383 versabatur3
876 1312 964 1370 tunc
980 1295 1079 1368 enim
1103 1307 1205 1366 tem-

228 1415 331 1513 poris
353 1442 431 1490 non
448 1418 559 1491 ambo
579 1415 753 1516 conjuges
778 1413 856 1511 ejus
877 1411 1065 1484 debitores
1080 1422 1205 1496 erant,

228 1525 294 1599 sed
322 1527 495 1601 alteruter
519 1543 683 1612 tantnm;
720 1524 945 1599 cessantibus
971 1536 1095 1594 autem
1128 1518 1207 1594 cir-

227 1640 454 1712 cumstantiis
468 1663 550 1737 quae
566 1639 748 1725 dicuntur,
760 1635 998 1745 intermediis,
1011 1641 1082 1729 ipsi
1093 1640 1208 1728 plane

225 1757 420 1846 extremis,
434 1778 511 1824 non
527 1751 682 1852 amplius
699 1750 994 1823 actionemsuam
1008 1748 1199 1822 instituere

225 1879 348 1964 potest
356 1854 527 1941 adversus
541 1867 698 1941 alterum
710 1863 921 1966 conjugum,
936 1890 1023 1937 cum
1036 1887 1113 1964 quo
1126 1887 1206 1934 non

225 1992 476 2052 contraxerat..
487 1981 558 2053 Hic
578 1980 685 2080 igitur
695 1976 955 2078 adplicaudum
972 1989 1029 2049 est·
1040 1975 1203 2051 axioma:

224 2106 381 2164 cessante
401 2117 514 2164 causa
527 2108 643 2165 cessat
658 2091 822 2190 effectus.
837 2091 935 2187 conf
953 2092 1128 2184 Respons
1144 2089 1204 2161 ad.
1286 2109 1290 2117 '

224 2204 370 2277 Observ.
389 2223 446 2277 art
470 2212 522 2282 ιδ.

271 2364 362 2440 Sunt
380 2380 572 2468 praeterea
591 2368 682 2440 sicut
702 2393 810 2468 supra
830 2364 987 2443 vidimus
1011 2363 1105 2437 dune
1126 2362 1205 2455 alias

221 2478 362 2579 species
381 2482 670 2571 communionis,
684 2507 775 2582 quas
789 2495 911 2582 partes
924 2480 1076 2551 nomine
1092 2505 1200 2578 gene-

122 2686 124 2691 Α
219 2593 289 2665 rali
302 2595 465 2696 stipulari
478 2612 630 2698 possunt
648 2654 656 2684 ,
676 2621 809 2695 nempe
827 2598 1027 2668 communio
1048 2599 1142 2665 lucri
1158 2607 1195 2664 et

221 2710 359 2798 damni,
371 2724 407 2783 et
420 2711 830 2811 communiofructnum
849 2724 885 2784 et
898 2711 1096 2795 redituum,
1115 2731 1198 2806 qum

221 2845 299 2891 non
318 2821 422 2893 aliter
436 2850 457 2894 a
471 2849 509 2896 se
529 2824 895 2910 invicemdilferunt,
918 2843 1032 2922 quam
1052 2822 1197 2895 ratione

219 2933 314 3006 aeris
333 2933 443 3017 alieni
461 2937 605 3034 futuri.
630 2937 687 3005 Ex
712 2934 773 3004 illa
806 2936 906 3008 enim
931 2935 1196 3009 communione

219 3045 596 3138 excludunturdebita
611 3062 695 3121 ante
705 3048 981 3122 matrimonium
996 3063 1197 3136 eontracta,

219 3184 266 3232 ex
280 3161 349 3234 hac
370 3188 458 3234 vero
475 3162 686 3236 debitatam
705 3163 909 3262 praesentia
929 3189 1042 3264 quam
1060 3164 1196 3241 futura.

218 3273 389 3363 Quamvis
409 3275 516 3376 igitur
526 3277 600 3349 *hae
620 3277 703 3349 duae
732 3276 1006 3351 communionis
1035 3277 1195 3378 species,

216 3392 355 3494 quippe
375 3417 452 3464 non
471 3394 628 3467 multum
645 3421 666 3465 a
684 3419 722 3467 se
743 3392 901 3466 invicem
920 3392 1192 3494 discrepantes,

216 3504 371 3580 fortasse
402 3509 439 3579 in
471 3533 548 3580 uno
580 3507 786 3608 eodemque
828 3508 982 3582 articulo
1019 3507 1194 3608 conjungi

215 3622 419 3723 potuissent
437 3680 445 3709 ,
463 3637 585 3695 tamen
601 3635 769 3694 auctores
777 3621 923 3695 Codicis
937 3622 1067 3696 melius
1082 3620 1194 3694 duxe-

214 3748 302 3806 runt
322 3736 517 3835 separatim
539 3733 586 3807 de
610 3735 652 3807 iis
671 3761 984 3821 commemorare,
1011 3736 1192 3832 quoniam

214 3849 254 3920 in
274 3849 492 3952 quibusdam
501 3849 944 3950 RegniProvinciishaec,
958 3849 997 3918 in
1011 3848 1090 3920 aliis
1101 3876 1191 3923 vero

215 3960 277 4030 illa
291 3959 586 4062 frequentissime
607 3962 731 4034 locum
746 3963 883 4034 habere
900 3961 1015 4050 solet,
1036 3962 1199 4062 ideoque

215 4094 345 4146 earum
358 4075 529 4174 sequelae
545 4076 677 4176 legales
691 4075 920 4149 mentionem
931 4100 1139 4179 expressam
1157 4091 1195 4150 ct
1226 4160 1229 4167 ¹
1262 4173 1264 4177 .
