<?xml version="1.0" encoding="UTF-8"?>
<!DOCTYPE html PUBLIC "-//W3C//DTD XHTML 1.0 Transitional//EN"
    "http://www.w3.org/TR/xhtml1/DTD/xhtml1-transitional.dtd">
<html xmlns="http://www.w3.org/1999/xhtml" xml:lang="en" lang="en">
 <head>
  <title>
</title>
<meta http-equiv="Content-Type" content="text/html;charset=utf-8" />
  <meta name='ocr-system' content='tesseract 3.04.00' />
  <meta name='ocr-capabilities' content='ocr_page ocr_carea ocr_par ocr_line ocrx_word'/>
</head>
<body>
  <div class='ocr_page' id='page_1' title='image "./dematrimoniosec00assegoog_0117.png"; bbox 0 0 2596 4724; ppageno 0'>
   <div class='ocr_carea' id='block_1_1' title="bbox 168 329 1140 1008">
    <p class='ocr_par' dir='ltr' id='par_1_1' title="bbox 168 329 1140 1008">
     <span class='ocr_line' id='line_1_1' title="bbox 595 329 722 426; baseline -0.008 -3"><span class='ocrx_word' id='word_1_1' title='bbox 595 329 610 421; x_wconf 81' lang='lat'>(</span> <span class='ocrx_word' id='word_1_2' title='bbox 634 330 722 426; x_wconf 87' lang='lat'><strong>9⁰)</strong></span> 
     </span>
     <span class='ocr_line' id='line_1_2' title="bbox 171 452 1139 551; baseline 0 -27"><span class='ocrx_word' id='word_1_3' title='bbox 171 453 392 548; x_wconf 81' lang='lat' dir='ltr'><strong>habitabant,</strong></span> <span class='ocrx_word' id='word_1_4' title='bbox 411 455 517 529; x_wconf 88' lang='lat' dir='ltr'><strong>titulo</strong></span> <span class='ocrx_word' id='word_1_5' title='bbox 537 455 794 551; x_wconf 88' lang='lat' dir='ltr'><strong>conductionis</strong></span> <span class='ocrx_word' id='word_1_6' title='bbox 810 468 1013 541; x_wconf 86' lang='lat' dir='ltr'><strong>tenuerant,</strong></span> <span class='ocrx_word' id='word_1_7' title='bbox 1030 452 1139 524; x_wconf 87' lang='lat' dir='ltr'><strong>vidua</strong></span> 
     </span>
     <span class='ocr_line' id='line_1_3' title="bbox 169 565 1137 671; baseline 0.001 -32"><span class='ocrx_word' id='word_1_8' title='bbox 169 594 246 642; x_wconf 91' lang='lat' dir='ltr'><strong>non</strong></span> <span class='ocrx_word' id='word_1_9' title='bbox 284 571 521 645; x_wconf 76' lang='lat' dir='ltr'>contribuere</span> <span class='ocrx_word' id='word_1_10' title='bbox 558 572 703 671; x_wconf 80' lang='lat' dir='ltr'><strong>cogitur</strong></span> <span class='ocrx_word' id='word_1_11' title='bbox 734 569 908 641; x_wconf 86' lang='lat' dir='ltr'><strong>solutioni</strong></span> <span class='ocrx_word' id='word_1_12' title='bbox 939 565 1137 656; x_wconf 82' lang='lat' dir='ltr'>mercedis,</span> 
     </span>
     <span class='ocr_line' id='line_1_4' title="bbox 170 681 1140 783; baseline -0.004 -25"><span class='ocrx_word' id='word_1_13' title='bbox 170 712 251 783; x_wconf 80' lang='lat' dir='ltr'><strong>quae</strong></span> <span class='ocrx_word' id='word_1_14' title='bbox 272 711 316 760; x_wconf 86' lang='lat' dir='ltr'><strong>ex</strong></span> <span class='ocrx_word' id='word_1_15' title='bbox 333 688 566 760; x_wconf 65' lang='lat' dir='ltr'><strong>universitate</strong></span> <span class='ocrx_word' id='word_1_16' title='bbox 581 687 767 758; x_wconf 89' lang='lat' dir='ltr'><strong>bonorum</strong></span> <span class='ocrx_word' id='word_1_17' title='bbox 781 697 834 756; x_wconf 89' lang='lat' dir='ltr'><strong>est</strong></span> <span class='ocrx_word' id='word_1_18' title='bbox 847 681 1034 755; x_wconf 84' lang='lat' dir='ltr'><strong>sumenda.</strong></span> <span class='ocrx_word' id='word_1_19' title='bbox 1051 681 1140 766; x_wconf 78' lang='lat' dir='ltr'><strong>Haec</strong></span> 
     </span>
     <span class='ocr_line' id='line_1_5' title="bbox 170 789 1139 898; baseline -0.001 -29"><span class='ocrx_word' id='word_1_20' title='bbox 170 789 289 872; x_wconf 77' lang='lat' dir='ltr'><strong>autem</strong></span> <span class='ocrx_word' id='word_1_21' title='bbox 308 799 388 896; x_wconf 81' lang='lat' dir='ltr'><strong>jura</strong></span> <span class='ocrx_word' id='word_1_22' title='bbox 409 800 476 870; x_wconf 90' lang='lat' dir='ltr'><strong>soli</strong></span> <span class='ocrx_word' id='word_1_23' title='bbox 492 801 601 872; x_wconf 86' lang='lat' dir='ltr'><strong>uxori·</strong></span> <span class='ocrx_word' id='word_1_24' title='bbox 612 797 815 898; x_wconf 83' lang='lat' dir='ltr'><strong>superstiti,</strong></span> <span class='ocrx_word' id='word_1_25' title='bbox 836 822 913 869; x_wconf 90' lang='lat' dir='ltr'><strong>non</strong></span> <span class='ocrx_word' id='word_1_26' title='bbox 935 795 1014 896; x_wconf 89' lang='lat' dir='ltr'><strong>ejus</strong></span> <span class='ocrx_word' id='word_1_27' title='bbox 1028 796 1139 868; x_wconf 62' lang='lat' dir='ltr'><strong>here÷</strong></span> 
     </span>
     <span class='ocr_line' id='line_1_6' title="bbox 168 909 832 1008; baseline 0.006 -30"><span class='ocrx_word' id='word_1_28' title='bbox 168 909 274 979; x_wconf 91' lang='lat' dir='ltr'><strong>dibus</strong></span> <span class='ocrx_word' id='word_1_29' title='bbox 291 923 506 1006; x_wconf 86' lang='lat' dir='ltr'><strong>competunt</strong></span> <span class='ocrx_word' id='word_1_30' title='bbox 533 912 611 982; x_wconf 84' lang='lat' dir='ltr'><strong>Art.</strong></span> <span class='ocrx_word' id='word_1_31' title='bbox 632 935 676 1008; x_wconf 81' lang='lat'><strong>77</strong></span> <span class='ocrx_word' id='word_1_32' title='bbox 696 909 832 1004; x_wconf 84' lang='lat' dir='ltr'><strong>influe.</strong></span> 
     </span>
    </p>
   </div>
   <div class='ocr_carea' id='block_1_2' title="bbox 162 1049 1141 1495">
    <p class='ocr_par' dir='ltr' id='par_1_2' title="bbox 180 1049 1140 1153">
     <span class='ocr_line' id='line_1_7' title="bbox 180 1049 1140 1153; baseline 0.002 -29"><span class='ocrx_word' id='word_1_33' title='bbox 180 1072 185 1077; x_wconf 86' lang='lat'>&#39;</span> <span class='ocrx_word' id='word_1_34' title='bbox 215 1057 249 1124; x_wconf 91' lang='lat' dir='ltr'><strong>Si</strong></span> <span class='ocrx_word' id='word_1_35' title='bbox 265 1067 386 1128; x_wconf 85' lang='lat' dir='ltr'><strong>morte</strong></span> <span class='ocrx_word' id='word_1_36' title='bbox 408 1056 530 1128; x_wconf 86' lang='lat' dir='ltr'><strong>uxoris</strong></span> <span class='ocrx_word' id='word_1_37' title='bbox 548 1049 724 1129; x_wconf 82' lang='lat' dir='ltr'><strong>dissoluta</strong></span> <span class='ocrx_word' id='word_1_38' title='bbox 743 1057 1040 1143; x_wconf 86' lang='lat' dir='ltr'><strong>estcommunio‚</strong></span> <span class='ocrx_word' id='word_1_39' title='bbox 1062 1053 1140 1153; x_wconf 84' lang='lat' dir='ltr'><strong>ejus</strong></span> 
     </span>
    </p>

    <p class='ocr_par' dir='ltr' id='par_1_3' title="bbox 162 1163 1141 1495">
     <span class='ocr_line' id='line_1_8' title="bbox 162 1163 1141 1268; baseline 0.002 -32"><span class='ocrx_word' id='word_1_40' title='bbox 162 1163 320 1238; x_wconf 71' lang='lat' dir='ltr'><strong>vheredes</strong></span> <span class='ocrx_word' id='word_1_41' title='bbox 338 1168 609 1241; x_wconf 84' lang='lat' dir='ltr'><strong>eircnunciare</strong></span> <span class='ocrx_word' id='word_1_42' title='bbox 626 1184 780 1268; x_wconf 70' lang='lat' dir='ltr'><strong>⁴possunt</strong></span> <span class='ocrx_word' id='word_1_43' title='bbox 796 1169 890 1241; x_wconf 87' lang='lat' dir='ltr'><strong>intra</strong></span> <span class='ocrx_word' id='word_1_44' title='bbox 905 1167 1036 1242; x_wconf 83' lang='lat' dir='ltr'><strong>eadem</strong></span> <span class='ocrx_word' id='word_1_45' title='bbox 1049 1182 1141 1240; x_wconf 85' lang='lat' dir='ltr'><strong>tem-</strong></span> 
     </span>
     <span class='ocr_line' id='line_1_9' title="bbox 165 1280 1141 1385; baseline 0.002 -33"><span class='ocrx_word' id='word_1_46' title='bbox 165 1280 267 1385; x_wconf 81' lang='lat' dir='ltr'><strong>&#39;poris</strong></span> <span class='ocrx_word' id='word_1_47' title='bbox 305 1281 437 1380; x_wconf 87' lang='lat' dir='ltr'><strong>spatia,</strong></span> <span class='ocrx_word' id='word_1_48' title='bbox 468 1280 677 1381; x_wconf 70' lang='lat' dir='ltr'><strong>&#39;eademque</strong></span> <span class='ocrx_word' id='word_1_49' title='bbox 714 1281 849 1369; x_wconf 71' lang='lat' dir='ltr'><strong>forma,</strong></span> <span class='ocrx_word' id='word_1_50' title='bbox 883 1306 926 1354; x_wconf 89' lang='lat' dir='ltr'><strong>ac</strong></span> <span class='ocrx_word' id='word_1_51' title='bbox 963 1280 1141 1382; x_wconf 88' lang='lat' dir='ltr'><strong>potuisset</strong></span> 
     </span>
     <span class='ocr_line' id='line_1_10' title="bbox 166 1388 662 1495; baseline 0.01 -28"><span class='ocrx_word' id='word_1_52' title='bbox 166 1420 261 1467; x_wconf 86' lang='lat' dir='ltr'><strong>uxor</strong></span> <span class='ocrx_word' id='word_1_53' title='bbox 279 1413 472 1495; x_wconf 85' lang='lat' dir='ltr'><strong>superstes.</strong></span> <span class='ocrx_word' id='word_1_54' title='bbox 492 1400 567 1468; x_wconf 79' lang='lat' dir='ltr'><strong>Art.</strong></span> <span class='ocrx_word' id='word_1_55' title='bbox 580 1388 662 1471; x_wconf 59' lang='lat'><strong>50:</strong></span> 
     </span>
    </p>
   </div>
   <div class='ocr_carea' id='block_1_3' title="bbox 66 1522 1165 3694">
    <p class='ocr_par' dir='ltr' id='par_1_4' title="bbox 66 1522 1165 3448">
     <span class='ocr_line' id='line_1_11' title="bbox 188 1522 1137 1644; baseline 0.004 -34"><span class='ocrx_word' id='word_1_56' title='bbox 188 1557 200 1593; x_wconf 81' lang='lat'><strong>&#39;·</strong></span> <span class='ocrx_word' id='word_1_57' title='bbox 214 1522 508 1641; x_wconf 23' lang='lat' dir='ltr'><strong>Diximus-igitur,</strong></span> <span class='ocrx_word' id='word_1_58' title='bbox 519 1542 670 1644; x_wconf 88' lang='lat' dir='ltr'><strong>quando</strong></span> <span class='ocrx_word' id='word_1_59' title='bbox 686 1569 780 1616; x_wconf 86' lang='lat' dir='ltr'><strong>uxor</strong></span> <span class='ocrx_word' id='word_1_60' title='bbox 788 1544 951 1642; x_wconf 87' lang='lat' dir='ltr'><strong>privetur</strong></span> <span class='ocrx_word' id='word_1_61' title='bbox 964 1541 1137 1615; x_wconf 71' lang='lat' dir='ltr'><strong>facultate</strong></span> 
     </span>
     <span class='ocr_line' id='line_1_12' title="bbox 166 1652 1135 1755; baseline -0.003 -27"><span class='ocrx_word' id='word_1_62' title='bbox 166 1657 418 1730; x_wconf 88' lang='lat' dir='ltr'><strong>communioni</strong></span> <span class='ocrx_word' id='word_1_63' title='bbox 433 1658 668 1730; x_wconf 78' lang='lat' dir='ltr'><strong>renunciandi</strong></span> <span class='ocrx_word' id='word_1_64' title='bbox 675 1686 689 1755; x_wconf 24' lang='grc'><strong>;,</strong></span> <span class='ocrx_word' id='word_1_65' title='bbox 700 1683 797 1729; x_wconf 90' lang='lat' dir='ltr'><strong>nunc</strong></span> <span class='ocrx_word' id='word_1_66' title='bbox 811 1654 920 1728; x_wconf 89' lang='lat' dir='ltr'><strong>etiam</strong></span> <span class='ocrx_word' id='word_1_67' title='bbox 933 1652 1135 1743; x_wconf 89' lang='lat' dir='ltr'><strong>videamus,</strong></span> 
     </span>
     <span class='ocr_line' id='line_1_13' title="bbox 165 1768 1137 1867; baseline 0.005 -30"><span class='ocrx_word' id='word_1_68' title='bbox 165 1793 239 1866; x_wconf 85' lang='lat' dir='ltr'><strong>qno</strong></span> <span class='ocrx_word' id='word_1_69' title='bbox 269 1794 355 1840; x_wconf 89' lang='lat' dir='ltr'><strong>casu</strong></span> <span class='ocrx_word' id='word_1_70' title='bbox 374 1770 513 1843; x_wconf 87' lang='lat' dir='ltr'><strong>amittat</strong></span> <span class='ocrx_word' id='word_1_71' title='bbox 544 1768 600 1867; x_wconf 87' lang='lat' dir='ltr'><strong>jus</strong></span> <span class='ocrx_word' id='word_1_72' title='bbox 627 1795 708 1842; x_wconf 89' lang='lat' dir='ltr'><strong>eam</strong></span> <span class='ocrx_word' id='word_1_73' title='bbox 735 1769 961 1866; x_wconf 55' lang='lat' dir='ltr'><strong>‘acceptanda</strong></span> <span class='ocrx_word' id='word_1_74' title='bbox 998 1768 1137 1842; x_wconf 86' lang='lat' dir='ltr'><strong>scilicet</strong></span> 
     </span>
     <span class='ocr_line' id='line_1_14' title="bbox 163 1882 1139 1980; baseline 0.005 -29"><span class='ocrx_word' id='word_1_75' title='bbox 163 1888 279 1980; x_wconf 89' lang='lat' dir='ltr'><strong>quum</strong></span> <span class='ocrx_word' id='word_1_76' title='bbox 298 1884 511 1957; x_wconf 91' lang='lat' dir='ltr'><strong>communio</strong></span> <span class='ocrx_word' id='word_1_77' title='bbox 525 1886 673 1957; x_wconf 77' lang='lat' dir='ltr'><strong>divortio</strong></span> <span class='ocrx_word' id='word_1_78' title='bbox 692 1882 749 1955; x_wconf 88' lang='lat' dir='ltr'><strong>vel</strong></span> <span class='ocrx_word' id='word_1_79' title='bbox 762 1889 981 1980; x_wconf 79' lang='lat' dir='ltr'><strong>separatione</strong></span> <span class='ocrx_word' id='word_1_80' title='bbox 994 1882 1089 1956; x_wconf 81' lang='lat' dir='ltr'><strong>thori</strong></span> <span class='ocrx_word' id='word_1_81' title='bbox 1104 1898 1139 1956; x_wconf 83' lang='lat' dir='ltr'><strong>et</strong></span> 
     </span>
     <span class='ocr_line' id='line_1_15' title="bbox 163 1995 1136 2098; baseline 0.001 -32"><span class='ocrx_word' id='word_1_82' title='bbox 163 2021 289 2067; x_wconf 78' lang='lat' dir='ltr'><strong>menate</strong></span> <span class='ocrx_word' id='word_1_83' title='bbox 308 2011 360 2068; x_wconf 86' lang='lat' dir='ltr'><strong>est</strong></span> <span class='ocrx_word' id='word_1_84' title='bbox 378 1995 568 2083; x_wconf 58' lang='lat' dir='ltr'><strong>dissonum</strong></span> <span class='ocrx_word' id='word_1_85' title='bbox 585 2012 674 2069; x_wconf 90' lang='lat' dir='ltr'><strong>tunc</strong></span> <span class='ocrx_word' id='word_1_86' title='bbox 696 1996 796 2069; x_wconf 91' lang='lat' dir='ltr'><strong>enim</strong></span> <span class='ocrx_word' id='word_1_87' title='bbox 816 2007 909 2098; x_wconf 84' lang='lat' dir='ltr'><strong>uxor&#39;</strong></span> <span class='ocrx_word' id='word_1_88' title='bbox 934 1996 967 2068; x_wconf 89' lang='lat' dir='ltr'><strong>ei</strong></span> <span class='ocrx_word' id='word_1_89' title='bbox 992 2022 1136 2069; x_wconf 88' lang='lat' dir='ltr'><strong>renun-</strong></span> 
     </span>
     <span class='ocr_line' id='line_1_16' title="bbox 164 2109 1165 2195; baseline 0.002 -17"><span class='ocrx_word' id='word_1_90' title='bbox 164 2109 277 2183; x_wconf 89' lang='lat' dir='ltr'><strong>ciasse</strong></span> <span class='ocrx_word' id='word_1_91' title='bbox 297 2127 482 2195; x_wconf 82' lang='lat' dir='ltr'><strong>censetur,</strong></span> <span class='ocrx_word' id='word_1_92' title='bbox 499 2110 528 2180; x_wconf 91' lang='lat' dir='ltr'><strong>si</strong></span> <span class='ocrx_word' id='word_1_93' title='bbox 549 2112 643 2182; x_wconf 90' lang='lat' dir='ltr'><strong>intra</strong></span> <span class='ocrx_word' id='word_1_94' title='bbox 667 2125 740 2181; x_wconf 82' lang='lat' dir='ltr'><strong>tres</strong></span> <span class='ocrx_word' id='word_1_95' title='bbox 760 2118 902 2182; x_wconf 85' lang='lat' dir='ltr'><strong>menses</strong></span> <span class='ocrx_word' id='word_1_96' title='bbox 922 2124 958 2181; x_wconf 86' lang='lat' dir='ltr'><strong>et</strong></span> <span class='ocrx_word' id='word_1_97' title='bbox 1000 2109 1137 2182; x_wconf 88' lang='lat' dir='ltr'><strong>uadra-</strong></span> <span class='ocrx_word' id='word_1_98' title='bbox 1163 2114 1165 2118; x_wconf 66' lang='grc'><em>”</em></span> 
     </span>
     <span class='ocr_line' id='line_1_17' title="bbox 163 2135 1135 2324; baseline 0.006 -32"><span class='ocrx_word' id='word_1_99' title='bbox 163 2223 261 2322; x_wconf 80' lang='lat' dir='ltr'><strong>ginta</strong></span> <span class='ocrx_word' id='word_1_100' title='bbox 281 2206 430 2324; x_wconf 80' lang='lat' dir='ltr'><strong>insuper</strong></span> <span class='ocrx_word' id='word_1_101' title='bbox 447 2222 524 2296; x_wconf 90' lang='lat' dir='ltr'><strong>dies</strong></span> <span class='ocrx_word' id='word_1_102' title='bbox 542 2249 623 2295; x_wconf 91' lang='lat' dir='ltr'><strong>eam</strong></span> <span class='ocrx_word' id='word_1_103' title='bbox 636 2248 713 2295; x_wconf 93' lang='lat' dir='ltr'><strong>non</strong></span> <span class='ocrx_word' id='word_1_104' title='bbox 725 2220 942 2322; x_wconf 78' lang='lat' dir='ltr'><strong>acceptavit,</strong></span> <span class='ocrx_word' id='word_1_105' title='bbox 964 2135 1033 2295; x_wconf 67' lang='lat' dir='ltr'><strong>disi</strong></span> <span class='ocrx_word' id='word_1_106' title='bbox 1049 2241 1135 2298; x_wconf 90' lang='lat' dir='ltr'><strong>ante</strong></span> 
     </span>
     <span class='ocr_line' id='line_1_18' title="bbox 166 2334 1136 2438; baseline 0.005 -33"><span class='ocrx_word' id='word_1_107' title='bbox 166 2335 236 2408; x_wconf 91' lang='lat' dir='ltr'><strong>hoc</strong></span> <span class='ocrx_word' id='word_1_108' title='bbox 250 2351 395 2438; x_wconf 86' lang='lat' dir='ltr'><strong>ternpus</strong></span> <span class='ocrx_word' id='word_1_109' title='bbox 421 2337 585 2435; x_wconf 83' lang='lat' dir='ltr'><strong>elapsum</strong></span> <span class='ocrx_word' id='word_1_110' title='bbox 608 2334 764 2434; x_wconf 78' lang='lat' dir='ltr'><strong>ajndice</strong></span> <span class='ocrx_word' id='word_1_111' title='bbox 785 2334 999 2409; x_wconf 83' lang='lat' dir='ltr'><strong>dilationem</strong></span> <span class='ocrx_word' id='word_1_112' title='bbox 1018 2336 1136 2438; x_wconf 90' lang='lat' dir='ltr'><strong>impe·</strong></span> 
     </span>
     <span class='ocr_line' id='line_1_19' title="bbox 163 2448 1137 2540; baseline 0.003 -17"><span class='ocrx_word' id='word_1_113' title='bbox 163 2453 328 2537; x_wconf 74' lang='lat' dir='ltr'><strong>traverit,</strong></span> <span class='ocrx_word' id='word_1_114' title='bbox 356 2453 489 2524; x_wconf 90' lang='lat' dir='ltr'><strong>marito</strong></span> <span class='ocrx_word' id='word_1_115' title='bbox 517 2449 593 2523; x_wconf 66' lang='lat' dir='ltr'><strong>rite</strong></span> <span class='ocrx_word' id='word_1_116' title='bbox 616 2452 741 2539; x_wconf 85' lang='lat' dir='ltr'><strong>citat0,</strong></span> <span class='ocrx_word' id='word_1_117' title='bbox 764 2461 850 2523; x_wconf 85' lang='lat' dir='ltr'><strong>eum</strong></span> <span class='ocrx_word' id='word_1_118' title='bbox 877 2451 915 2522; x_wconf 89' lang='lat' dir='ltr'><strong>in</strong></span> <span class='ocrx_word' id='word_1_119' title='bbox 944 2448 1075 2540; x_wconf 87' lang='lat' dir='ltr'><strong>finem,</strong></span> <span class='ocrx_word' id='word_1_120' title='bbox 1096 2468 1137 2526; x_wconf 91' lang='lat' dir='ltr'><strong>ut</strong></span> 
     </span>
     <span class='ocr_line' id='line_1_20' title="bbox 162 2564 1136 2667; baseline 0 -31"><span class='ocrx_word' id='word_1_121' title='bbox 162 2565 416 2638; x_wconf 85' lang='lat' dir='ltr'><strong>contradicere</strong></span> <span class='ocrx_word' id='word_1_122' title='bbox 435 2564 558 2667; x_wconf 84' lang='lat' dir='ltr'><strong>possit.</strong></span> <span class='ocrx_word' id='word_1_123' title='bbox 587 2567 664 2637; x_wconf 85' lang='lat' dir='ltr'><strong>Art.</strong></span> <span class='ocrx_word' id='word_1_124' title='bbox 684 2566 743 2664; x_wconf 74' lang='grc'><strong>47.</strong></span> <span class='ocrx_word' id='word_1_125' title='bbox 764 2564 885 2656; x_wconf 84' lang='lat' dir='ltr'><strong>Quaeri</strong></span> <span class='ocrx_word' id='word_1_126' title='bbox 911 2566 1042 2664; x_wconf 89' lang='lat' dir='ltr'><strong>possit,</strong></span> <span class='ocrx_word' id='word_1_127' title='bbox 1068 2592 1136 2640; x_wconf 89' lang='lat' dir='ltr'><strong>cur</strong></span> 
     </span>
     <span class='ocr_line' id='line_1_21' title="bbox 160 2676 1134 2792; baseline 0.01 -46"><span class='ocrx_word' id='word_1_128' title='bbox 160 2679 232 2752; x_wconf 90' lang='lat' dir='ltr'><strong>hoc</strong></span> <span class='ocrx_word' id='word_1_129' title='bbox 265 2708 350 2754; x_wconf 87' lang='lat' dir='ltr'><strong>casu</strong></span> <span class='ocrx_word' id='word_1_130' title='bbox 381 2706 473 2753; x_wconf 85' lang='lat' dir='ltr'><strong>uxor</strong></span> <span class='ocrx_word' id='word_1_131' title='bbox 501 2676 694 2754; x_wconf 87' lang='lat' dir='ltr'><strong>censeatur</strong></span> <span class='ocrx_word' id='word_1_132' title='bbox 722 2686 969 2792; x_wconf 71' lang='lat' dir='ltr'><strong>renuncipsse,</strong></span> <span class='ocrx_word' id='word_1_133' title='bbox 997 2692 1084 2754; x_wconf 85' lang='lat' dir='ltr'><strong>cu&#39;m</strong></span> <span class='ocrx_word' id='word_1_134' title='bbox 1113 2708 1134 2756; x_wconf 86' lang='lat' dir='ltr'><strong>e</strong></span> 
     </span>
     <span class='ocr_line' id='line_1_22' title="bbox 162 2792 1135 2893; baseline 0.012 -34"><span class='ocrx_word' id='word_1_135' title='bbox 162 2792 367 2880; x_wconf 85' lang='lat' dir='ltr'><strong>contrario,</strong></span> <span class='ocrx_word' id='word_1_136' title='bbox 389 2792 540 2893; x_wconf 88' lang='lat' dir='ltr'><strong>quando</strong></span> <span class='ocrx_word' id='word_1_137' title='bbox 556 2794 769 2865; x_wconf 90' lang='lat' dir='ltr'><strong>communio</strong></span> <span class='ocrx_word' id='word_1_138' title='bbox 786 2807 904 2867; x_wconf 80' lang='lat' dir='ltr'><strong>morte</strong></span> <span class='ocrx_word' id='word_1_139' title='bbox 926 2795 1046 2869; x_wconf 88' lang='lat' dir='ltr'><strong>mariti</strong></span> <span class='ocrx_word' id='word_1_140' title='bbox 1062 2796 1135 2871; x_wconf 91' lang='lat' dir='ltr'><strong>dis-</strong></span> 
     </span>
     <span class='ocr_line' id='line_1_23' title="bbox 161 2896 1135 3006; baseline 0.014 -36"><span class='ocrx_word' id='word_1_141' title='bbox 161 2898 277 2971; x_wconf 89' lang='lat' dir='ltr'><strong>soluta</strong></span> <span class='ocrx_word' id='word_1_142' title='bbox 293 2897 358 2991; x_wconf 84' lang='lat' dir='ltr'><strong>est,</strong></span> <span class='ocrx_word' id='word_1_143' title='bbox 377 2931 491 3006; x_wconf 89' lang='lat' dir='ltr'><strong>usque</strong></span> <span class='ocrx_word' id='word_1_144' title='bbox 511 2902 558 2974; x_wconf 87' lang='lat' dir='ltr'><strong>ad</strong></span> <span class='ocrx_word' id='word_1_145' title='bbox 569 2902 647 3000; x_wconf 90' lang='lat' dir='ltr'><strong>ejus</strong></span> <span class='ocrx_word' id='word_1_146' title='bbox 666 2905 984 2980; x_wconf 87' lang='lat' dir='ltr'><strong>renunciationem</strong></span> <span class='ocrx_word' id='word_1_147' title='bbox 998 2896 1135 2985; x_wconf 86' lang='lat' dir='ltr'><strong>conve-</strong></span> 
     </span>
     <span class='ocr_line' id='line_1_24' title="bbox 160 3013 1158 3122; baseline 0.018 -39"><span class='ocrx_word' id='word_1_148' title='bbox 160 3015 231 3085; x_wconf 90' lang='lat' dir='ltr'><strong>niri</strong></span> <span class='ocrx_word' id='word_1_149' title='bbox 251 3020 380 3114; x_wconf 75' lang='lat' dir='ltr'><strong>possit,</strong></span> <span class='ocrx_word' id='word_1_150' title='bbox 398 3017 501 3119; x_wconf 84' lang='lat' dir='ltr'><strong>quasi</strong></span> <span class='ocrx_word' id='word_1_151' title='bbox 522 3013 822 3122; x_wconf 84' lang='lat' dir='ltr'><strong>communionem</strong></span> <span class='ocrx_word' id='word_1_152' title='bbox 842 3037 1077 3119; x_wconf 81' lang='lat' dir='ltr'><strong>acceptasset,</strong></span> <span class='ocrx_word' id='word_1_153' title='bbox 1103 3030 1134 3101; x_wconf 87' lang='lat' dir='ltr'><strong>si</strong></span> <span class='ocrx_word' id='word_1_154' title='bbox 1155 3082 1158 3090; x_wconf 81' lang='lat'><em>-</em></span> 
     </span>
     <span class='ocr_line' id='line_1_25' title="bbox 160 3125 1134 3231; baseline 0.016 -39"><span class='ocrx_word' id='word_1_155' title='bbox 160 3125 251 3231; x_wconf 84' lang='lat' dir='ltr'><strong>intra</strong></span> <span class='ocrx_word' id='word_1_156' title='bbox 281 3141 452 3216; x_wconf 84' lang='lat' dir='ltr'><strong>statutum</strong></span> <span class='ocrx_word' id='word_1_157' title='bbox 484 3147 627 3229; x_wconf 85' lang='lat' dir='ltr'><strong>tempus</strong></span> <span class='ocrx_word' id='word_1_158' title='bbox 660 3130 885 3206; x_wconf 86' lang='lat' dir='ltr'><strong>voluntatem</strong></span> <span class='ocrx_word' id='word_1_159' title='bbox 916 3158 1023 3206; x_wconf 48' lang='lat' dir='ltr'><strong>snam*</strong></span> <span class='ocrx_word' id='word_1_160' title='bbox 1055 3163 1134 3212; x_wconf 89' lang='lat' dir='ltr'><strong>non</strong></span> 
     </span>
     <span class='ocr_line' id='line_1_26' title="bbox 66 3235 1133 3332; baseline 0.021 -28"><span class='ocrx_word' id='word_1_161' title='bbox 66 3326 69 3332; x_wconf 25' lang='grc' dir='ltr'>Ι</span> <span class='ocrx_word' id='word_1_162' title='bbox 157 3235 385 3324; x_wconf 80' lang='lat' dir='ltr'><strong>declaravit?</strong></span> <span class='ocrx_word' id='word_1_163' title='bbox 431 3241 520 3311; x_wconf 88' lang='lat' dir='ltr'><strong>Haec</strong></span> <span class='ocrx_word' id='word_1_164' title='bbox 551 3258 674 3314; x_wconf 88' lang='lat' dir='ltr'><strong>autem</strong></span> <span class='ocrx_word' id='word_1_165' title='bbox 703 3240 847 3318; x_wconf 87' lang='lat' dir='ltr'><strong>videtur</strong></span> <span class='ocrx_word' id='word_1_166' title='bbox 881 3273 957 3321; x_wconf 87' lang='lat' dir='ltr'><strong>esse</strong></span> <span class='ocrx_word' id='word_1_167' title='bbox 992 3251 1085 3325; x_wconf 83' lang='lat' dir='ltr'><strong>ratio</strong></span> <span class='ocrx_word' id='word_1_168' title='bbox 1124 3283 1133 3326; x_wconf 78' lang='grc' dir='ltr'><strong><em>ε</em></strong></span> 
     </span>
     <span class='ocr_line' id='line_1_27' title="bbox 124 3349 1133 3448; baseline 0.016 -26"><span class='ocrx_word' id='word_1_169' title='bbox 124 3349 312 3443; x_wconf 80' lang='lat' dir='ltr'><strong>‘Quando</strong></span> <span class='ocrx_word' id='word_1_170' title='bbox 348 3351 499 3424; x_wconf 88' lang='lat' dir='ltr'><strong>maritus</strong></span> <span class='ocrx_word' id='word_1_171' title='bbox 537 3371 700 3430; x_wconf 90' lang='lat' dir='ltr'><strong>mortuus</strong></span> <span class='ocrx_word' id='word_1_172' title='bbox 735 3374 820 3448; x_wconf 87' lang='lat' dir='ltr'><strong>est,</strong></span> <span class='ocrx_word' id='word_1_173' title='bbox 864 3361 1017 3437; x_wconf 89' lang='lat' dir='ltr'><strong>heredes</strong></span> <span class='ocrx_word' id='word_1_174' title='bbox 1053 3391 1133 3438; x_wconf 88' lang='lat' dir='ltr'><strong>non</strong></span> 
     </span>
    </p>

    <p class='ocr_par' dir='ltr' id='par_1_5' title="bbox 156 3462 1134 3577">
     <span class='ocr_line' id='line_1_28' title="bbox 156 3462 1134 3577; baseline 0.013 -38"><span class='ocrx_word' id='word_1_175' title='bbox 156 3482 341 3568; x_wconf 82' lang='lat' dir='ltr'><strong>coguntur</strong></span> <span class='ocrx_word' id='word_1_176' title='bbox 350 3462 429 3565; x_wconf 89' lang='lat' dir='ltr'><strong>ejus</strong></span> <span class='ocrx_word' id='word_1_177' title='bbox 441 3464 682 3542; x_wconf 85' lang='lat' dir='ltr'><strong>hereditatem</strong></span> <span class='ocrx_word' id='word_1_178' title='bbox 696 3471 798 3546; x_wconf 89' lang='lat' dir='ltr'><strong>adire</strong></span> <span class='ocrx_word' id='word_1_179' title='bbox 811 3531 819 3561; x_wconf 94' lang='lat'><strong>,</strong></span> <span class='ocrx_word' id='word_1_180' title='bbox 831 3470 1030 3577; x_wconf 77' lang='lat' dir='ltr'><strong>antequam</strong></span> <span class='ocrx_word' id='word_1_181' title='bbox 1043 3503 1134 3552; x_wconf 86' lang='lat' dir='ltr'><strong>uxor</strong></span> 
     </span>
    </p>

    <p class='ocr_par' dir='ltr' id='par_1_6' title="bbox 143 3579 1132 3694">
     <span class='ocr_line' id='line_1_29' title="bbox 143 3579 1132 3694; baseline 0.014 -43"><span class='ocrx_word' id='word_1_182' title='bbox 143 3579 382 3654; x_wconf 78' lang='lat' dir='ltr'><strong>‘voluntatem</strong></span> <span class='ocrx_word' id='word_1_183' title='bbox 400 3604 503 3654; x_wconf 88' lang='lat' dir='ltr'><strong>suam</strong></span> <span class='ocrx_word' id='word_1_184' title='bbox 521 3581 781 3675; x_wconf 85' lang='lat' dir='ltr'><strong>declaraverit,</strong></span> <span class='ocrx_word' id='word_1_185' title='bbox 797 3589 849 3685; x_wconf 65' lang='grc' dir='ltr'><strong>(Ἴ</strong></span> <span class='ocrx_word' id='word_1_186' title='bbox 870 3590 1048 3691; x_wconf 87' lang='lat' dir='ltr'><strong>quoniam</strong></span> <span class='ocrx_word' id='word_1_187' title='bbox 1064 3593 1132 3694; x_wconf 89' lang='lat' dir='ltr'><strong>ipsi</strong></span> 
     </span>
    </p>
   </div>
   <div class='ocr_carea' id='block_1_4' title="bbox 136 3770 1125 3806">
    <p class='ocr_par' dir='ltr' id='par_1_7' title="bbox 136 3770 1125 3806">
     <span class='ocr_line' id='line_1_30' title="bbox 136 3770 1125 3806; baseline 0 -19"><span class='ocrx_word' id='word_1_188' title='bbox 136 3770 1125 3806; x_wconf 79' lang='lat'><em>·---—-—-—-——-------.......</em></span> 
     </span>
    </p>
   </div>
   <div class='ocr_carea' id='block_1_5' title="bbox 135 3894 1131 4091">
    <p class='ocr_par' dir='ltr' id='par_1_8' title="bbox 135 3894 1131 4091">
     <span class='ocr_line' id='line_1_31' title="bbox 135 3894 1131 3994; baseline 0.017 -25"><span class='ocrx_word' id='word_1_189' title='bbox 135 3909 141 3916; x_wconf 82' lang='grc'><strong>’</strong></span> <span class='ocrx_word' id='word_1_190' title='bbox 194 3906 237 3986; x_wconf 62' lang='lat'><strong>(⁸)</strong></span> <span class='ocrx_word' id='word_1_191' title='bbox 259 3908 377 3970; x_wconf 86' lang='lat' dir='ltr'><strong>Verum</strong></span> <span class='ocrx_word' id='word_1_192' title='bbox 405 3894 536 3994; x_wconf 82' lang='lat' dir='ltr'><strong>quidem</strong></span> <span class='ocrx_word' id='word_1_193' title='bbox 559 3918 630 3989; x_wconf 73' lang='lat' dir='ltr'><strong>cst,</strong></span> <span class='ocrx_word' id='word_1_194' title='bbox 649 3914 813 3978; x_wconf 87' lang='lat' dir='ltr'><strong>materiem</strong></span> <span class='ocrx_word' id='word_1_195' title='bbox 839 3915 879 3978; x_wconf 84' lang='lat' dir='ltr'><strong>de</strong></span> <span class='ocrx_word' id='word_1_196' title='bbox 895 3926 1131 3986; x_wconf 76' lang='lat' dir='ltr'><strong>successionibus</strong></span> 
     </span>
     <span class='ocr_line' id='line_1_32' title="bbox 154 4002 1129 4091; baseline 0.023 -33"><span class='ocrx_word' id='word_1_197' title='bbox 154 4002 295 4067; x_wconf 84' lang='lat' dir='ltr'><strong>nondum</strong></span> <span class='ocrx_word' id='word_1_198' title='bbox 307 4006 339 4065; x_wconf 88' lang='lat' dir='ltr'><strong>in</strong></span> <span class='ocrx_word' id='word_1_199' title='bbox 352 4005 470 4072; x_wconf 87' lang='lat' dir='ltr'><strong>Codice</strong></span> <span class='ocrx_word' id='word_1_200' title='bbox 486 4018 592 4072; x_wconf 86' lang='lat' dir='ltr'><strong>nostro</strong></span> <span class='ocrx_word' id='word_1_201' title='bbox 609 4031 677 4075; x_wconf 85' lang='lat' dir='ltr'><strong>esse</strong></span> <span class='ocrx_word' id='word_1_202' title='bbox 698 4019 878 4091; x_wconf 67' lang='lat' dir='ltr'><strong>tractatam</strong></span> <span class='ocrx_word' id='word_1_203' title='bbox 900 4013 955 4078; x_wconf 81' lang='lat' dir='ltr'><strong>aed</strong></span> <span class='ocrx_word' id='word_1_204' title='bbox 970 4037 1044 4079; x_wconf 85' lang='lat' dir='ltr'><strong>cum</strong></span> <span class='ocrx_word' id='word_1_205' title='bbox 1065 4018 1129 4080; x_wconf 85' lang='lat' dir='ltr'><strong>dis-</strong></span> 
     </span>
    </p>
   </div>
   <div class='ocr_carea' id='block_1_6' title="bbox 0 0 1302 4724">
    <p class='ocr_par' dir='ltr' id='par_1_9' title="bbox 0 0 1302 4724">
     <span class='ocr_line' id='line_1_33' title="bbox 0 0 1302 4724; baseline 0 3"><span class='ocrx_word' id='word_1_206' title='bbox 0 0 1302 4724; x_wconf 95' lang='lat' dir='ltr'><strong> </strong></span> 
     </span>
    </p>
   </div>
  </div>
 </body>
</html>
