2596 4724
642 422 658 517 (
687 408 794 516 iio)

244 546 323 646 ipso
347 549 429 647 jure
455 561 574 621 morte
598 545 815 621 dissolutum
839 561 893 620 est
917 548 1210 636 matrimonium,

207 714 209 721 s
243 683 470 760 supervacua
489 675 542 733 est
560 659 639 734 ltaee
653 660 856 760 dispositio.
875 661 1082 733 Divortium
1096 661 1209 748 enim,

160 822 163 825 -
242 771 1209 874 quemadmodummoxvidebimus,rationeconjugis

242 887 410 957 nocentis
422 884 620 958 damnosos
636 884 807 982 producit
819 885 982 973 effectum
992 889 1028 959 V
1024 888 1071 958 id.
1087 903 1155 956 art.
1168 888 1211 955 2'0

241 1014 278 1070 et
301 1023 366 1084 2ss,
390 997 459 1069 nisi
479 997 586 1096 igitur
609 997 687 1070 haec
709 995 899 1095 dispositio
924 999 1082 1085 adesset,
1109 1013 1212 1071 actor

242 1111 469 1187 contendere
491 1128 624 1212 posset,
642 1136 680 1187 se
700 1114 869 1196 inchoata
889 1115 1051 1202 actione,
1072 1115 1128 1214 j'us
1144 1115 1214 1186 lia-

240 1227 332 1302 bere
352 1216 453 1302 litem
479 1228 740 1330 prosequendi.
773 1231 807 1303 V
805 1231 853 1302 id.
875 1231 1046 1327 Respons.
1068 1231 1125 1302 ad.
1150 1229 1213 1301 οὺ·-

241 1373 327 1422 serv.
348 1347 383 1420 d.
398 1362 465 1418 art.
486 1373 540 1446 ¹7·

289 1494 338 1564 3⁰.
364 1491 612 1590 Exstinguitur
638 1490 732 1564 aetio
752 1489 922 1576 divortii,
942 1488 970 1560 si
991 1487 1028 1558 in
1053 1501 1213 1588 utroque

241 1633 325 1679 casu
341 1604 480 1676 articuli
496 1605 530 1690 5,
541 1631 617 1674 non
635 1606 795 1674 instituta
811 1619 863 1674 est
880 1605 976 1674 intra
992 1624 1053 1674 sex
1066 1631 1213 1678 menses

239 1713 538 1811 computandosa
554 1713 634 1800 die,
651 1739 727 1812 quo
742 1713 940 1800 sententia,
955 1740 1027 1812 qua
1040 1714 1215 1788 alteruter

178 1924 181 1932 Ι
241 1827 378 1928 conjux
393 1822 678 1913 condemnatur,
701 1824 847 1926 plenam
864 1825 937 1896 vim
956 1840 1062 1898 nacta
1080 1842 1149 1912 est,
1164 1827 1213 1900 ita

239 1956 280 2013 ut
310 1966 386 2013 non
414 1937 569 2039 amplius
590 1936 696 2036 legali
716 1937 829 2009 modo
856 1936 1063 2036 impugnari
1087 1939 1212 2034 possit.

243 2057 325 2129 Art.
346 2055 399 2127 16.
416 2055 450 2124 Si
466 2067 588 2126 tamen
604 2067 773 2152 tempore
789 2051 1107 2125 condemnationis
1125 2054 1214 2126 alte-

238 2166 499 2263 riusconjugis,
514 2165 605 2236 alter
621 2179 720 2235 extra
738 2190 892 2262 regnum
908 2180 1068 2237 versatus
1084 2165 1215 2254 fuerit,

238 2305 303 2354 sex
319 2265 369 2350 illi
386 2291 530 2352 menses
550 2304 700 2351 currere
717 2278 867 2350 demum
883 2279 1063 2379 incipiunt
1078 2307 1098 2351 a
1114 2294 1214 2355 tem·
1281 2284 1285 2297 '

237 2424 349 2499 pore,
364 2422 439 2497 quo
455 2420 622 2470 reversus
640 2408 705 2467 est.
720 2395 755 2468 d.
773 2408 840 2468 art.
863 2394 915 2468 16.

288 2529 338 2621 40.
362 2524 469 2598 Aetio
492 2521 638 2596 divortii
661 2536 814 2622 propter
834 2519 1083 2596 desertionem
1105 2523 1213 2595 mali-

240 2646 371 2720 tiosam
396 2642 653 2742 exstinguitur,
674 2640 702 2712 si
722 2636 877 2739 conjux,
899 2639 964 2739 qui
983 2638 1212 2714 domicilium

240 2785 439 2833 commune
465 2757 630 2854 reliquit,
660 2769 743 2850 ante
769 2753 967 2827 divortium
984 2757 1212 2855 pronuncia-

239 2891 318 2946 tum
343 2895 508 2940 reversus
533 2867 658 2953 fuerit;
686 2881 863 2952 attamen,
884 2869 913 2938 si
942 2883 1026 2966 post
1052 2868 1212 2942 reditum

239 3011 347 3062 suum
372 2981 493 3055 denuo
526 2980 604 3053 sine
638 2978 799 3078 legitima
842 3003 950 3050 causa
983 2979 1212 3055 domicilium

240 3124 439 3175 commune
456 3094 664 3196 reliquerit,
683 3089 927 3191 praeterlapsis
944 3116 1006 3164 sex
1024 3095 1212 3170 mensibus

130 3198 133 3205 ¹
238 3228 437 3312 postquam
460 3208 567 3296 abiit,
589 3206 680 3280 alter
704 3203 1006 3304 eonjuxnovam
1023 3207 1210 3282 actionem

239 3323 385 3398 diuortii
401 3322 588 3396 instituere
608 3334 743 3421 potest,
759 3319 994 3420 pristinisque
1009 3323 1127 3395 causis
1142 3323 1219 3410 uti,'

238 3438 282 3512 ad
295 3439 509 3539 petitionem
524 3434 744 3537 urgendam3
763 3460 841 3535 quo
860 3461 946 3508 casu
959 3435 1099 3509 reditus
1113 3462 1212 3509 con-

236 3557 330 3660 jugis
349 3551 591 3650 relinquentis
606 3576 683 3623 non
699 3548 851 3648 amplius
866 3549 1048 3623 actionem
1063 3548 1210 3623 divortii

237 3672 465 3769 exstinguere
479 3679 610 3766 potest.
641 3666 718 3737 Art.
751 3663 806 3737 15.
830 3663 1005 3763 Alioquin
1029 3663 1126 3739 enim
1149 3665 1211 3741 hio

236 3783 408 3873 facultate
428 3778 809 3881 gauderetlaetiouem
825 3803 970 3875 semper
994 3776 1115 3850 reditu
1134 3781 1211 3852 tol·

235 3895 352 3983 leudi,
382 3907 418 3966 et
443 3891 576 3965 deinde
594 3890 713 3964 statim
740 3887 936 3987 conjugem
958 3913 1065 3961 suum
1086 3889 1209 3966 denuo

236 4009 481 4109 relinquendi.
520 4009 617 4106 conf.
655 4008 815 4104 Respons
858 4003 907 4076 ud
948 4002 1133 4080 ohservat.
1173 4007 1207 4078 d.

237 4137 304 4200 art.
331 4128 385 4198 15.
