2596 4724
578 346 587 360 '
624 348 689 422 113
723 348 733 362 '

169 495 232 550 ros
251 500 302 550 ex
324 471 389 547 illo
409 350 646 550 matrimoitio
666 350 878 577 pricreatos
896 476 1000 553 nullo
1021 481 1140 580 prirut

158 584 391 676 mommodo,
414 587 515 687 quod
531 587 617 689 ipsis
630 590 836 666 secundum
851 592 948 694 leges
962 593 1019 668 vel
1035 612 1140 695 pactu

164 697 346 799 nuptialia
371 714 565 801 parentum
587 703 774 804 ¹competit.
803 706 880 780 Art.
909 733 966 807 29.
991 706 1141 785 Juribus

163 830 293 894 autem
315 817 386 891 suis
411 816 520 892 liberi
540 846 617 893 non
643 820 694 894 uti
718 837 886 923 possunt,
907 819 977 897 nisi
1007 822 1141 899 eodem
1247 902 1254 923 Ι

161 927 297 1017 modo,
330 944 369 1003 et
397 928 526 1007 iisdem
560 935 806 1036 temporibus,
829 935 962 1036 quibus
983 937 1035 1011 uti
1070 936 1141 1012 illis

160 1046 390 1146 potuissent,
408 1049 438 1122 si
467 1048 665 1126 divortium
682 1053 809 1127 locum
834 1079 913 1125 uon
940 1048 1136 1130 habuisset.

147 1165 200 1237 ..d.
217 1181 284 1238 art.
306 1193 363 1265 29.
486 1236 488 1243 ,

161 1325 168 1353 -·
213 1294 261 1368 3⁰.
287 1300 398 1370 Pater
418 1307 455 1368 et
472 1311 590 1369 mater
614 1312 833 1370 conservant
856 1296 959 1397 ‘jura,
980 1302 1075 1397 quae'
1093 1314 1139 1372 e‘x

159 1408 282 1504 patria
301 1421 485 1508 potestate
505 1422 615 1509 atque
647 1438 668 1482 a
686 1411 800 1485 tutela
824 1410 1037 1514 profluuut3
1062 1411 1141 1487 Am

165 1526 221 1594 28.
260 1537 300 1594 ut
333 1537 369 1596 et
404 1520 615 1597 facultatem
651 1523 901 1625 prospiciendi
929 1523 1139 1600 liberorum

163 1636 462 1738 alimentisatque
478 1638 703 1729 educationi,
716 1640 850 1740 quibus
869 1668 939 1742 pro
956 1640 1138 1718 facultati·

160 1748 230 1823 bus
245 1751 318 1822 suis
338 1748 575 1823 contribuere
592 1766 784 1851 coguntur.
799 1757 833 1823 d.
854 1755 935 1824 Art.
956 1746 1013 1826 28.

210 1891 258 1964 Hi
278 1891 386 1994 igitur
413 1906 495 1965 sunt
518 1891 693 1981 effectus,
725 1919 818 1994 quos
837 1888 1034 1967 divortium
1052 1920 1138 1968 cum

161 2007 306 2080 ratione
321 1997 486 2109 ipsorum
502 2005 717 2108 conjugum,
736 2021 816 2079 tum
827 2005 1032 2079 liberorum
1049 2034 1137 2109 pro·-

160 2118 272 2192 ducit.
292 2121 348 2196 De
367 2120 481 2194 tertiis
502 2109 669 2221 personis
688 2118 1045 2194 tantumdicendum
1062 2135 1135 2209 est,

155 2228 463 2322 ‘reditusannu'os
475 2263 568 2334 quos
586 2249 779 2310 contractu
791 2233 946 2334 nuptiali
960 2236 1138 2336 promise·

160 2339 265 2440 runt,
288 2365 372 2451 post
392 2347 592 2448 divortium
615 2343 760 2415 debitos
783 2366 935 2415 manere
960 2347 1135 2446 conjugi,

160 2467 199 2540 in
208 2467 310 2568 eujus
324 2464 489 2536 favorem
498 2457 686 2532 constituti
696 2468 810 2530 eraut.
824 2456 903 2528 Art
916 2456 1136 2548 26.Quibus-

160 2582 247 2655 dam
263 2607 283 2654 e
298 2576 456 2678 collegio
471 2572 652 2647 Ordinum
671 2567 898 2673 generalium
917 2571 1031 2679 magis
1050 2573 1133 2671 pta.

159 2696 318 2783 unisset,
356 2694 387 2766 si
423 2689 483 2769 hic
520 2685 692 2767 articulus
727 2685 766 2758 in
803 2709 912 2758 sensu
945 2687 1133 2761 contrario

158 2809 328 2885 redactus
346 2807 492 2894 fuisset3
513 2810 732 2907 reaponsum
746 2824 836 2872 vero
853 2813 925 2887 est,
941 2799 1037 2872 hane
1055 2798 1134 2874 dis-

159 2924 399 3030 positionem,
417 2922 508 2996 sicut
521 2945 560 2994 se
579 2915 710 3007 hahet,
727 2912 917 3016 principiis
930 2912 1019 3013 juris
1037 2939 1133 2990 eon-

156 3040 283 3116 venire
297 3037 433 3126 videri,
448 3037 624 3136 quoniam
636 3029 734 3104 tertii
751 3027 895 3099 nullum
907 3027 1132 3105 emolumen-

155 3170 238 3230 tum
267 3178 401 3255 capere
431 3148 569 3227 debent
603 3169 624 3217 e
653 3140 829 3225 divortia,
861 3135 998 3238 quippe
1027 3135 1131 3236 quod

158 3272 255 3346 solos
276 3268 452 3370 conjuges
471 3273 622 3366 spectat.
640 3257 708 3332 uid
719 3257 889 3354 Respons.
905 3253 964 3326 ad.
984 3251 1131 3333 Obseru
1212 3365 1217 3371 ἱ

152 3387 190 3463 d.
209 3400 278 3460 art.
298 3384 359 3460 26.

411 3504 583 3634 'aanor
607 3503 868 3626 sumtu-uu.

168 3789 171 3795 ’
283 3765 349 3849 De
377 3753 625 3877 separatione
651 3749 757 3834 thori
783 3762 822 3832 et
838 3770 999 3826 mensoe.

204 3976 298 4048 Cum
317 3973 365 4048 de
386 3962 624 4048 dissolutione
650 3953 922 4040 communionis
940 3952 1129 4028 bonorum

157 4109 358 4192 ageremus,
373 4072 1020 4176 mentioneml'eeimusseparationis
1032 4065 1128 4145 thori

854 4185 982 4275 ,Q.
