2596 4724
463 263 482 375 Ῐ
592 292 724 393 (lo)

167 414 236 495 hus
272 415 449 523 conjuges
486 436 572 496 sunt
608 420 753 497 onerati
785 418 846 495 die
884 416 1144 497 celebrationis
1255 505 1261 515 1

166 535 412 624 matrimonii,

194 699 263 753 αθ.
290 679 441 771 Debita,
461 708 483 753 a
503 680 653 769 marito,
674 696 737 755 aut
756 707 871 756 uxore
887 685 1142 758 consentiente

166 794 316 882 marito,
337 810 454 870 stante
473 798 737 873 communione
753 812 961 887 contracta,

216 938 262 1010 3⁰.
289 940 419 1013 Usurae
439 941 668 1030 debitorum,
689 971 759 1018 nee
777 972 853 1020 non
867 945 1007 1021 reditus
1026 939 1141 1019 annui

166 1051 299 1150 quibus
333 1073 480 1156 gravata
517 1073 605 1154 suut
640 1057 758 1149 bona,
790 1058 957 1134 alterutri
990 1058 1144 1162 conjugi

166 1191 337 1268 propria,

211 1313 261 1403 4⁰.
289 1312 472 1412 Impeusae
503 1311 611 1388 factae
646 1314 692 1386 ad
728 1318 981 1417 reparationes
1016 1342 1144 1392 rerum

163 1422 857 1505 immobiliumadcommunionemnon
867 1430 1142 1534 pertinentium,
1245 1528 1248 1535 Ι

163 1554 201 1612 et
218 1566 310 1640 quas
328 1540 425 1617 ferre
441 1544 552 1617 etiam
566 1542 677 1618 debet
695 1542 938 1632 fructuariae,
1006 1565 1010 1574 ’

210 1689 260 1762 5⁰.
286 1687 469 1769 Alimenta
490 1691 692 1790 conjugum
710 1705 746 1764 et
759 1689 977 1778 liberorum,
994 1703 1031 1763 et
1042 1713 1142 1763 sum·

163 1812 222 1873 tus
233 1800 320 1873 facti
334 1804 372 1872 in
385 1804 521 1876 horum
534 1802 811 1891 educationem,
821 1819 1017 1900 ceteraque
1026 1827 1142 1877 onera

160 1914 405 2005 matrimonii,
423 1904 425 1911 ¹

209 2061 260 2135 6⁰.
287 2061 420 2134 Omnia
451 2059 576 2136 debita
605 2059 774 2155 mobilia,
810 2062 945 2165 quibus
979 2079 1140 2139 oneratae

160 2190 245 2250 sunt
263 2179 533 2270 successiones,
553 2205 637 2282 quae
658 2179 825 2255 alterutri
844 2178 1046 2282 conjugum
1064 2179 1140 2267 ob,-

159 2288 331 2378 veniunt,
371 2285 575 2365 secundum
608 2292 877 2382 distinctiones,
912 2319 1004 2393 quas
1041 2294 1138 2368 iufrd

159 2426 284 2475 sumus
302 2402 509 2476 indicaturi.
524 2407 603 2477 Art.
622 2406 659 2479 6·

102 2568 105 2573 ’
207 2542 480 2646 Quod'attinet
507 2552 554 2626 ad
579 2551 705 2627 debita
731 2552 901 2642 mobilia,
929 2576 1014 2652 quae
1044 2577 1137 2649 uxor

158 2659 244 2737 ante
262 2665 407 2762 nuptias
428 2664 626 2751 contraxit,
646 2665 726 2763 haec
746 2693 822 2739 non
841 2666 880 2736 in
899 2663 1137 2739 communio·

157 2803 245 2850 nem
268 2778 435 2867 veniunt,
456 2778 524 2852 nisi
543 2778 742 2879 probatum
760 2781 820 2867 sit,
842 2806 887 2853 ea
904 2805 1032 2852 revera
1052 2791 1136 2869 ante

147 2891 436 2981 ,matrimonium
451 2918 528 2966 esse
547 2907 747 2969 contracta.
775 2894 811 2966 Si
837 2919 929 2972 vero
953 2895 1025 2968 hoc
1040 2920 1139 2996 pro-.

158 3001 285 3076 batum
307 3020 471 3099 nonest,
496 3003 700 3081 creditores
720 3006 844 3080 uxoris
858 3032 938 3079 non
961 3021 1134 3105 possunt,

157 3120 422 3193 communione
452 3119 623 3211 durante,
654 3121 702 3191 ad
729 3120 952 3193 solutionem
978 3142 1134 3193 uxorem

157 3231 575 3332 convenire,uisiquoad
584 3231 1133 3334 nudamproprietatemrerum

156 3348 426 3438 immobilium,
445 3375 527 3449 quae
561 3350 630 3449 ipsi
653 3351 813 3451 propriae
844 3364 938 3424 sunt,
973 3352 1055 3423 Art.
1095 3377 1130 3448 7.

156 3464 262 3538 Ratio
279 3478 346 3550 est,
363 3463 542 3563 quoniam
557 3490 616 3537 res
631 3463 789 3538 mobiles
804 3465 947 3551 uxoris,
968 3477 1005 3536 et
1023 3462 1131 3535 fruc·

155 3592 212 3651 tus
229 3604 357 3652 rerum
377 3577 622 3654 immobilium
650 3578 695 3652 ad
719 3580 1022 3654 communionem
1040 3603 1132 3679 perv

155 3693 286 3770 tinent.
307 3695 456 3768 Maritus
475 3710 600 3768 autem
613 3698 678 3798 qui
696 3697 957 3784 contenderet,
974 3717 1013 3767 se
1026 3690 1129 3795 ejus&

155 3805 259 3878 modi
278 3806 444 3913 debitum
460 3808 627 3900 solvisse,
646 3837 770 3913 neque
790 3810 836 3884 ab
854 3832 984 3899 uxore,
1004 3833 1131 3909 neque

156 3917 205 3989 ab
225 3915 306 4014 ejus
325 3919 524 3996 heredibus
548 3938 673 4023 petere
697 3935 831 4025 potest,
862 3935 901 3995 ut
926 3920 995 3998 hac
1020 3922 1129 3997 dere

156 4029 340 4106 indemnis
362 4051 573 4134 praestetur3
599 4041 634 4114 d.
663 4054 730 4114 art.
757 4063 789 4137 7.
816 4035 1011 4112 nonenim
1032 4031 1128 4116 ¹tunc

736 4176 740 4185 ’
950 4153 978 4227 I.
