2596 4724
649 375 738 472 (76
758 374 779 467 γ)

226 505 320 578 saria
349 503 537 605 dispositio
557 529 577 576 e
601 503 742 604 legibus
768 492 898 578 nostris
918 506 1086 592 tollatur,
1111 534 1197 582 oum

223 633 404 718 praeterea
442 620 666 723 experientia
698 619 845 709 docuit,
879 622 1000 696 nullos
1035 649 1198 723 unquam

128 807 130 813 ,
225 731 314 806 inde
350 733 483 807 abusus
528 759 610 806 esse>
644 746 760 819 ortos,
787 747 823 805 et
847 760 868 806 e
893 737 1082 809 contrario
1112 736 1197 809 talia

222 860 330 947 pacta
353 847 533 934 effecisse,
563 859 602 919 ut
627 861 816 918 contracta
834 847 905 920 sint
935 850 1199 946 multamatri·

49 965 50 968 ’
124 1047 125 1050 ¹
224 957 365 1061 monia,
384 984 468 1057 quae
484 959 650 1057 alioquin
680 959 895 1034 locumnon
913 962 1135 1036 habuissent.

271 1087 378 1162 Hanc
397 1090 614 1163 sententiam
634 1103 670 1162 et
693 1103 859 1163 nostram
876 1088 1047 1179 facimus;
1069 1119 1201 1193 spera-

224 1228 308 1276 mus
325 1216 450 1276 tamen
464 1202 563 1292 iore,
590 1218 633 1277 ut
651 1206 846 1278 occasione
866 1219 1140 1294 contractuum,
1159 1207 1207 1277 in

224 1314 364 1390 Codice
401 1333 530 1391 nostro
566 1319 735 1419 expresse
771 1318 1036 1418 prohibeatur,
1077 1335 1200 1394 actum

219 1433 411 1533 'quendam
441 1449 502 1507 aut
533 1437 818 1508 conventionem
847 1433 894 1506 de
922 1432 1122 1508 hereditate
1142 1437 1200 1507 vi—

222 1547 341 1619 ventis
357 1549 453 1620 inter
467 1550 596 1620 tertios
613 1546 704 1620 fieri.
731 1558 734 1566 '
944 1566 946 1569 ’

274 1675 310 1746 Si
330 1675 490 1747 donator
504 1674 573 1746 sihi
602 1675 640 1744 in
666 1676 745 1774 ipso
765 1675 1009 1777 instrumento
1028 1703 1201 1748 reserva-

221 1787 316 1863 verit
346 1788 559 1865 facuitatem
590 1783 811 1890 disponendi
844 1787 890 1862 de
918 1789 1041 1888 aliqua
1078 1817 1119 1863 ro
1153 1789 1200 1862 ad

220 1899 466 1975 donationem
482 1901 674 1979 honorum
701 1901 939 2004 praesentium
962 1929 1004 1975 ac
1025 1901 1201 1976 definito-

220 2042 307 2088 rum
324 2017 548 2117 pertinente,
567 2032 628 2089 aut
645 2015 692 2088 de
713 2015 877 2116 pecuniae
897 2042 1038 2087 summa
1059 2042 1102 2089 ex
1128 2016 1198 2090 illis

221 2129 329 2204 bonis
359 2129 554 2216 sumenda,
586 2131 664 2201 haec
683 2155 742 2200 res
768 2144 829 2199 aut
855 2128 1022 2227 pecuniae
1054 2153 1199 2202 summa

222 2256 393 2314 censetur
407 2243 446 2313 in
464 2240 665 2314 donatione
683 2240 950 2340 comprehensa
970 2265 1068 2327 esse,
1091 2241 1199 2314 ideo-

220 2380 295 2457 que
316 2354 360 2428 ad
380 2355 613 2433 donatarium
632 2353 755 2454 ejusve
782 2350 1051 2427 descendentes
1078 2357 1199 2453 perti-

220 2485 302 2558 net,
323 2471 352 2544 si
379 2469 537 2544 donator
558 2482 725 2541 mortuus
758 2481 829 2550 est,
851 2482 1050 2565 antequam
1085 2467 1130 2540 de
1152 2494 1196 2540 ea
1263 2471 1266 2479 '

221 2581 411 2684 disposuit.
442 2585 520 2655 Art.
542 2582 600 2653 32.
621 2579 725 2653 Ratio
758 2592 827 2661 est,
849 2578 1028 2677 quoniam
1056 2577 1193 2650 condi·
1277 2627 1279 2632 ·

218 2698 356 2782 tiones,
378 2721 460 2794 quae
477 2693 567 2767 fiunt
587 2694 624 2764 in
640 2691 903 2766 donationibus
923 2707 1076 2793 propter
1096 2719 1198 2792 nup-

221 2811 305 2892 tias,
327 2833 480 2906 semper-
491 2805 773 2904 interpretandae
787 2823 869 2879 sont
882 2833 994 2906 quam
1009 2807 1196 2897 latissime,

222 2935 258 2994 et
276 2918 433 2989 maximis
468 2921 505 2990 in
541 2918 708 2988 favorem
738 2944 883 3006 eorum,
910 2946 1071 3020 quorum
1102 2947 1195 2995 con-

220 3029 449 3140 junctionem
468 3041 772 3131 provocaverunt.

269 3176 468 3250 Donationi
485 3175 674 3248 bonorum
699 3172 937 3271 praesentium
954 3200 997 3248 ae
1016 3173 1196 3250 definito-

151 3328 154 3335 ·
219 3315 304 3364 rum
322 3289 416 3361 inter
432 3286 605 3386 conjuges
621 3299 814 3358 contractu
828 3286 982 3384 nuptiali
998 3285 1103 3362 tactae
1117 3315 1195 3362 non

221 3416 390 3476 censetur
418 3400 536 3472 inesse
568 3396 731 3473 conditio
761 3402 793 3470 si
810 3398 1018 3472 dorratarius
1035 3402 1200 3473 donatori

221 3519 484 3610 supervinceret,
502 3509 571 3582 nisi
589 3524 713 3610 partes
728 3508 774 3582 de
794 3509 862 3584 hac
891 3509 1104 3584 conditione
1135 3501 1199 3583 ex-

220 3628 345 3731 presse
370 3623 625 3705 convenerint.
646 3627 726 3697 Art.
758 3625 814 3697 33.
848 3622 919 3697 Sed
952 3624 1103 3698 donatio
1122 3624 1199 3701 sive

222 3743 392 3844 simplex,
425 3743 499 3817 sive
535 3756 660 3813 mutua
691 3740 950 3827 successionis,
990 3754 1052 3811 aut
1085 3743 1198 3841 partis

222 3856 492 3943 successionis,
530 3880 576 3928 eo
618 3878 705 3926 casu
743 3879 818 3952 quo
862 3850 998 3950 conjux
1036 3852 1197 3929 donator

223 3969 369 4069 conjugi
385 3969 578 4042 donatario
594 3967 845 4068 supervixerit,
860 3968 1197 4042 nontransmittitur

224 4083 412 4156 adliberos
428 4109 471 4157 ex
480 4083 550 4156 hoc
562 4080 798 4155 matrimonio
814 4085 1121 4180 procreatosdrt.
1136 4083 1193 4175 34,
