2596 4724
529 280 716 454 ‘tut

163 488 249 550 casu
269 478 484 551 communio
504 476 640 579 aliquid
662 478 707 551 ad
730 483 1039 582 permutationem
1058 486 1137 560 elli·

162 587 333 687 ciendam
365 590 577 680 contulerit,
615 592 683 666 hac
716 591 763 666 de
795 621 835 667 re
866 596 1047 671 indemnis
1084 612 1137 672 est

164 707 383 804 praestanda.
1225 694 1227 710 Ι

210 911 240 958 e.
255 889 325 960 Res
341 886 539 974 immobilis
553 887 760 962 secundum
777 890 1036 990 dispositiones
1049 898 1136 965 arth

164 1005 335 1073 culorum·
352 1007 411 1091 28,
449 1031 493 1104 29
511 1021 546 1077 et
561 1003 626 1095 30.
659 1002 770 1104 hujus
793 1011 855 1093 tit,
888 1007 1061 1105 acquisita
1098 1008 1137 1081 iu

160 1111 285 1185 locum
302 1117 455 1189 venditae
472 1118 619 1192 alterius
635 1119 913 1209 reiimmobilis,
930 1146 1013 1220 quae
1029 1123 1137 1194 alter·

161 1229 275 1302 utrius
295 1231 462 1331 conjugis
482 1234 633 1331 propria
651 1231 781 1306 fuerat.
799 1234 877 1304 Art.
905 1238 942 1327 4.

210 1397 246 1466 Si
267 1397 444 1495 acquisita
473 1398 519 1470 sit
546 1398 670 1525 portio
703 1398 757 1470 rei
784 1396 1003 1484 immobilis,
1032 1397 1137 1497 nujus

161 1523 305 1606 partem
322 1510 496 1585 alteruter
529 1510 665 1611 conjux
695 1506 769 1618 jam
795 1527 902 1585 antea
928 1512 1137 1612 possidebat

160 1647 231 1721 pro
265 1623 450 1714 indiviso,
478 1609 778 1728 distinguendum
810 1643 883 1718 est,
922 1641 1044 1701 utrum
1074 1628 1136 1701 ille

159 1737 298 1834 conjux
315 1756 466 1812 maritus
480 1742 544 1824 srt
565 1768 610 1812 au
625 1767 743 1828 uxor
763 1768 792 1812 st
812 1742 983 1829 maritus
1011 1744 1133 1841 portio

160 1848 338 1946 acquisita
377 1875 456 1922 non
493 1850 592 1922 cedit
627 1852 899 1936 communioni,
956 1853 1020 1923 sed
1056 1853 1134 1926 haec

160 1957 344 2032 indemnis
381 1977 435 2035 est
466 1961 669 2062 praestanda
696 1962 743 2034 de
770 1987 913 2033 summa
941 1964 1132 2064 pecuniae,

156 2073 329 2172 quemad
345 2077 560 2177 portionem
577 2103 658 2151 eam
674 2076 942 2177 acquirendum
959 2079 1131 2177 praestitit,

117 2205 122 2215 ·
157 2188 187 2258 si
221 2213 308 2264 vero
337 2216 444 2280 uxor,
477 2191 709 2293 poterithaec
743 2207 826 2292 post
852 2191 1134 2269 dissolutionem

156 2305 429 2377 communionis
441 2306 723 2404 eligere,utrum
736 2321 854 2377 totam
872 2335 952 2379 rem
964 2335 1134 2382 commu-

159 2416 267 2487 nioni
287 2415 505 2518 relinquere*
529 2419 625 2507 velit,
657 2445 702 2490 ex
723 2426 840 2518 eaque
860 2421 1027 2520 accipere
1054 2449 1133 2520 pre·

155 2533 250 2609 tium
263 2537 391 2636 partis,
403 2564 517 2637 quam
531 2551 639 2609 antea
652 2534 885 2636 possederat,
907 2561 953 2606 an
970 2537 1132 2610 retinere

159 2675 241 2721 rem
271 2651 526 2743 immobilem,
567 2666 602 2724 ct
647 2649 902 2744 communioni
939 2651 1132 2724 restituere
1184 2712 1187 2717 ,

157 2764 318 2863 pretium
334 2767 512 2864 portionis
531 2765 728 2864 acquisitae.
746 2765 826 2836 Art.
846 2764 879 2838 5.
900 2766 1006 2840 Ratio
1024 2764 1132 2864 hujus

157 2875 377 2953 discriminis
397 2880 492 2952 inter
510 2878 630 2950 virum
648 2891 682 2949 et
702 2901 856 2948 uxorem
875 2876 911 2946 in
928 2903 974 2950 eo
990 2879 1132 2954 consis-

156 2993 221 3081 tit,
238 2994 339 3093 quod
367 2996 533 3082 maritus,
559 2995 696 3094 quippe
723 2990 998 3063 administrator
1032 3019 1132 3066 com·

157 3108 359 3196 munionis,
384 3108 481 3180 solus
506 3121 541 3180 et
560 3114 634 3180 siue
661 3129 837 3178 consensu
862 3107 1009 3189 uxoris,
1030 3102 1131 3177 illa-m

158 3201 368 3321 portionem
385 3249 508 3322 emere
528 3221 641 3322 possit
665 3217 821 3320 pecunia
839 3217 1134 3312 communionis,
1153 3223 1155 3226 ⁴

158 3338 328 3435 adeoque
356 3361 504 3432 aequum
523 3334 584 3421 sit,
610 3358 765 3406 uxorem
799 3345 881 3430 post
917 3329 1130 3406 dissolutam

159 3449 479 3533 communionem,
508 3471 589 3518 rem
609 3441 862 3517 communioni
881 3467 988 3543 posse
1012 3443 1131 3515 relin-
1223 3472 1226 3480 ·

159 3589 274 3661 quere
306 3576 368 3636 aut
394 3560 568 3648 1etinere,
609 3557 729 3633 soluto
762 3557 900 3662 pretio,
929 3581 1007 3658 quo
1032 3572 1129 3631 emta

156 3694 221 3754 est.

205 3823 325 3919 Atque
343 3824 422 3896 lr'aee
441 3821 551 3896 etiam
569 3833 621 3893 est
645 3843 769 3908 causa,
790 3842 857 3891 cur
876 3839 987 3904 uxor,
1003 3817 1033 3888 si
1050 3823 1129 3912 ipsa

154 3964 238 4012 rem
258 3938 472 4014 auctoritate
491 3933 608 4008 mariti
629 3929 878 4034 acquisiverit,
898 3954 976 4002 non
995 3928 1130 4002 habeat

155 4048 370 4130 facultatem
394 4074 477 4124 eam
501 4074 583 4124 rem
601 4043 856 4125 communion!
845 4040 1128 4169 relinquendi,
1177 4154 1180 4160 1
1206 4061 1209 4065 ·
