2596 4724
598 408 618 514 t
647 426 708 490 tn
736 403 755 517 )

193 521 253 612 tel
265 537 381 612 matre
397 528 514 615 orbati
527 558 631 617 erant
636 571 804 648 ,semper
815 533 1026 650 legislatoris
1042 556 1159 626 atteffl

192 653 390 726 tionemad
409 681 448 729 se
466 671 651 732 traxerunt
666 660 867 793 ,legesque
880 678 955 737 tam
974 666 1162 766 antiquae,

191 792 305 864 quam
320 765 545 845 recentiores
561 772 708 847 alterius
722 775 887 876 conjugis
902 805 986 878 erga
1002 779 1159 852 alterum

187 877 1162 990 liberalitates'circumscripserunt4quandOexstabant

187 988 295 1066 liberi
314 999 464 1097 epriori
479 1000 713 1074 matrimonio
728 1005 924 1101 procreati
941 1003 1078 1104 Scopus
1090 1004 1159 1076 bae

188 1129 272 1177 rum
286 1110 577 1208 prohibitionum
597 1130 673 1201 est,
693 1129 734 1186 ut
748 1128 1026 1214 praevertentur
1042 1117 1158 1190 ellec

186 1235 244 1327 tus
276 1223 418 1298 ardoris
449 1226 704 1313 immoderati,
738 1243 848 1327 atque
879 1229 1020 1302 bomini
1048 1229 1159 1303 nimis

184 1337 433 1436 proprii‘ergu
458 1346 596 1412 riorum
615 1338 820 1439 conjugem«.
842 1340 1013 1440 Inprimis
1033 1354 1157 1414 autem

163 1439 249 1520 fltac
263 1447 309 1520 de
325 1478 365 1523 re
384 1451 454 1523 lata
468 1450 536 1525 fuit
553 1457 575 1526 lt
597 1453 630 1525 6.
659 1456 742 1526 eod».
760 1457 803 1528 de
821 1457 898 1528 See.
914 1457 1029 1548 Nupt.
1045 1454 1157 1535 Simi-j,

179 1557 298 1666 lisque
322 1565 430 1637 etiam
447 1565 634 1667 dispositio
654 1567 692 1637 in
710 1566 851 1667 legibus
874 1567 1005 1642 nostris
1028 1567 1155 1641 locuni

181 1671 349 1749 obtinere
361 1676 502 1763 dehuiu
514 1705 591 1750 non
606 1679 705 1748 enirn
719 1679 809 1750 illud
824 1696 992 1754 auctores
1006 1678 1153 1754 Codicis

174 1789 294 1888 =nostri
311 1784 467 1881 rejicere
486 1800 706 1884 potuerunt,
722 1787 827 1882 cujus
837 1790 1028 1867 utilitatem
1040 1796 1153 1884 expee

177 1896 309 1969 rientla
325 1897 523 1970 multorum
539 1897 748 1980 seculorum
764 1895 903 1996 ubique
916 1897 1152 1971 demonstra-

110 2077 115 2095 ,
176 2010 239 2111 vit.
267 2012 394 2112 Itaque'
417 2013 655 2086 constitutum
678 2026 742 2100 est,
760 2037 808 2084 ne
828 2013 884 2082 vir
901 2011 959 2085 vel
982 2004 1147 2102 femina,

179 2123 258 2222 qui,
283 2122 408 2199 liberis
433 2122 492 2201 vel
517 2125 711 2226 nepotibus
734 2152 754 2200 e
774 2126 889 2227 priori
912 2126 1147 2211 matrimonio

94 2278 98 2282 ·
176 2240 410 2326 exstantibus,
431 2239 478 2312 ad
506 2239 683 2312 secundas
701 2238 760 2311 vel
782 2240 976 2312 ulteriores
1002 2243 1148 2339 nuptias
1176 2297 1180 2303 .

174 2343 393 2450 migraverit,
401 2330 949 2453 conventionibusnuptialibus,
961 2348 1146 2446 plusnovo
1244 2393 1246 2398 ,

163 2463 322 2564 ,conjugi
312 2463 477 2565 donare
491 2462 626 2560 possit,
643 2464 755 2559 quain
768 2460 831 2531 uni
848 2485 868 2532 e
884 2447 1009 2532 liberis
1026 2460 1092 2559 leg'
1063 2463 1143 2534 ‹nti-

162 2576 257 2668 'mis,
287 2581 345 2653 cui
378 2579 528 2650 minima
549 2577 669 2676 portio
695 2574 872 2662 obvenit,
897 2589 1010 2672 utque
1037 2574 1140 2647 nullo

170 2720 257 2767 casu
270 2693 449 2792 ejusmodi
459 2691 609 2766 donatio
623 2704 794 2793 quartam
800 2703 945 2795 partem
953 2689 1140 2797 bonorum

153 2806 283 2905 Jpossit
311 2804 500 2879 excedere
526 2804 602 2874 Art
628 2829 662 2889 1,
687 2808 740 2874 tir.
762 2803 830 2874 IX.
853 2788 887 2872 Si
918 2789 1025 2901 igitur
1048 2802 1141 2877 nulli

164 2914 275 2990 liberi
302 2932 517 3018 supersunt,
545 2916 695 3024 donatio
723 2942 852 2990 omnes
880 2908 1033 2991 effectus
1052 2943 1138 3005 suos

165 3031 331 3120 babebit,
351 3034 436 3133 quia
460 3035 614 3105 cessavit
630 3016 740 3100 unica
761 3055 884 3114 causa,
907 3053 1002 3124 qnae
1022 3015 1135 3103 dimi-

162 3149 309 3223 nutioni
326 3173 407 3220 eam
426 3144 625 3219 obnoxiam
636 3141 825 3216 reddebat.

147 3363 152 3377 ,
174 3306 258 3379 si
269 3312 390 3380 eutem
408 3263 544 3403 'conjnx
558 3303 731 3401 deinceps
742 3298 787 3372 ad
801 3300 906 3374 tertia
926 3313 983 3374 aut
1001 3250 1131 3400 quartu

161 3436 248 3496 vota
267 3435 441 3510 transeat,
463 3445 539 3491 non
557 3431 677 3520 potest
696 3415 742 3487 de
758 3413 899 3488 duabus
917 3415 974 3487 vel
993 3415 1039 3487 de
1058 3419 1130 3487 tri

144 3533 231 3619 ‚bus
252 3532 483 3638 portionibus
508 3522 635 3605 sedile
655 3552 733 3602 una
748 3542 889 3602 tantum
911 3527 1131 3630 disponeret

160 3658 247 3730 curn
268 3649 366 3740 enim
390 3645 450 3719 lex
468 3644 606 3717 liberos
631 3641 882 3743 praecedentis
901 3637 1127 3714 matrimonii
1176 3678 1178 3682 >

159 3760 530 3857 contraliberalitates
543 3758 702 3859 parentis
716 3777 813 3830 nova
826 3752 1136 3853 vi'nculacuntrae‘

137 3871 278 3965 „hentis
302 3884 460 3962 tueatur,
480 3874 519 3944 in
541 3887 627 3944 casu
645 3870 831 3944 contrario
850 3888 986 3937 vanum
999 3881 1124 3966 ’atque

137 3982 411 4084 ,imaginarium
429 3985 525 4081 foret
553 3974 625 4056 boc
653 3972 862 4084 praesidium
888 3979 1031 4050 ratione
1051 4003 1124 4059 e0-1,

154 4122 253 4187 rum,
275 4097 340 4199 qui
352 4096 429 4172 'soli
450 4125 496 4174 eo
516 4098 689 4197 indigent.
708 4089 812 4194 conf,
824 4098 938 4168 oratio
949 4087 1063 4192 'quana
1083 4100 1125 4167 in
