<?xml version="1.0" encoding="UTF-8"?>
<!DOCTYPE html PUBLIC "-//W3C//DTD XHTML 1.0 Transitional//EN"
    "http://www.w3.org/TR/xhtml1/DTD/xhtml1-transitional.dtd">
<html xmlns="http://www.w3.org/1999/xhtml" xml:lang="en" lang="en">
 <head>
  <title>
</title>
<meta http-equiv="Content-Type" content="text/html;charset=utf-8" />
  <meta name='ocr-system' content='tesseract 3.04.00' />
  <meta name='ocr-capabilities' content='ocr_page ocr_carea ocr_par ocr_line ocrx_word'/>
</head>
<body>
  <div class='ocr_page' id='page_1' title='image "./dematrimoniosec00assegoog_0109.png"; bbox 0 0 2596 4724; ppageno 0'>
   <div class='ocr_carea' id='block_1_1' title="bbox 141 341 1239 1134">
    <p class='ocr_par' dir='ltr' id='par_1_1' title="bbox 141 341 1239 1134">
     <span class='ocr_line' id='line_1_1' title="bbox 649 341 789 439; baseline 0 0"><span class='ocrx_word' id='word_1_1' title='bbox 649 342 677 439; x_wconf 75' lang='lat' dir='ltr'>‘l</span> <span class='ocrx_word' id='word_1_2' title='bbox 699 341 746 418; x_wconf 78' lang='lat'>82</span> <span class='ocrx_word' id='word_1_3' title='bbox 771 342 789 439; x_wconf 86' lang='lat' dir='ltr'>l</span> 
     </span>
     <span class='ocr_line' id='line_1_2' title="bbox 238 470 1207 573; baseline -0.007 -22"><span class='ocrx_word' id='word_1_4' title='bbox 238 478 368 551; x_wconf 58' lang='lat' dir='ltr'>&amp;tulus</span> <span class='ocrx_word' id='word_1_5' title='bbox 395 478 473 551; x_wconf 85' lang='lat' dir='ltr'>VH</span> <span class='ocrx_word' id='word_1_6' title='bbox 496 475 635 551; x_wconf 81' lang='lat' dir='ltr'>Codicis</span> <span class='ocrx_word' id='word_1_7' title='bbox 674 477 813 572; x_wconf 76' lang='lat' dir='ltr'>Belgici</span> <span class='ocrx_word' id='word_1_8' title='bbox 845 470 928 573; x_wconf 72' lang='lat' dir='ltr'>ugit.</span> <span class='ocrx_word' id='word_1_9' title='bbox 952 470 1066 544; x_wconf 56' lang='lat' dir='ltr'>Duos&lt;</span> <span class='ocrx_word' id='word_1_10' title='bbox 1083 473 1207 544; x_wconf 80' lang='lat' dir='ltr'>autem</span> 
     </span>
     <span class='ocr_line' id='line_1_3' title="bbox 239 585 1209 693; baseline -0.003 -32"><span class='ocrx_word' id='word_1_11' title='bbox 239 589 298 664; x_wconf 85' lang='lat' dir='ltr'>hic</span> <span class='ocrx_word' id='word_1_12' title='bbox 322 593 525 693; x_wconf 65' lang='lat' dir='ltr'>precipuos</span> <span class='ocrx_word' id='word_1_13' title='bbox 553 611 686 690; x_wconf 89' lang='lat' dir='ltr'>scopos</span> <span class='ocrx_word' id='word_1_14' title='bbox 713 587 780 662; x_wconf 90' lang='lat' dir='ltr'>sibi</span> <span class='ocrx_word' id='word_1_15' title='bbox 803 603 886 661; x_wconf 84' lang='lat' dir='ltr'>ante</span> <span class='ocrx_word' id='word_1_16' title='bbox 921 585 1049 660; x_wconf 90' lang='lat' dir='ltr'>oculos</span> <span class='ocrx_word' id='word_1_17' title='bbox 1072 609 1209 685; x_wconf 64' lang='lat' dir='ltr'>,posue-</span> 
     </span>
     <span class='ocr_line' id='line_1_4' title="bbox 237 697 1211 805; baseline -0.009 -29"><span class='ocrx_word' id='word_1_18' title='bbox 237 719 327 776; x_wconf 90' lang='lat' dir='ltr'>runt</span> <span class='ocrx_word' id='word_1_19' title='bbox 333 703 555 805; x_wconf 78' lang='lat' dir='ltr'>legislatores</span> <span class='ocrx_word' id='word_1_20' title='bbox 568 704 701 791; x_wconf 87' lang='lat' dir='ltr'>nostri;</span> <span class='ocrx_word' id='word_1_21' title='bbox 719 702 891 787; x_wconf 86' lang='lat' dir='ltr'>alterum,</span> <span class='ocrx_word' id='word_1_22' title='bbox 903 715 943 772; x_wconf 89' lang='lat' dir='ltr'>ut</span> <span class='ocrx_word' id='word_1_23' title='bbox 958 725 1050 773; x_wconf 88' lang='lat' dir='ltr'>uxor</span> <span class='ocrx_word' id='word_1_24' title='bbox 1062 697 1211 787; x_wconf 82' lang='lat' dir='ltr'>aruina,</span> 
     </span>
     <span class='ocr_line' id='line_1_5' title="bbox 238 808 1210 914; baseline -0.005 -27"><span class='ocrx_word' id='word_1_25' title='bbox 238 838 323 914; x_wconf 88' lang='lat' dir='ltr'>quae</span> <span class='ocrx_word' id='word_1_26' title='bbox 340 817 407 914; x_wconf 92' lang='lat' dir='ltr'>ipsi</span> <span class='ocrx_word' id='word_1_27' title='bbox 421 815 598 902; x_wconf 85' lang='lat' dir='ltr'>imminet,</span> <span class='ocrx_word' id='word_1_28' title='bbox 613 812 984 900; x_wconf 62' lang='lat' dir='ltr'>servetur,&#39;alterum,</span> <span class='ocrx_word' id='word_1_29' title='bbox 994 836 1042 883; x_wconf 87' lang='lat' dir='ltr'>ne</span> <span class='ocrx_word' id='word_1_30' title='bbox 1055 808 1210 885; x_wconf 87' lang='lat' dir='ltr'>credito-</span> 
     </span>
     <span class='ocr_line' id='line_1_6' title="bbox 141 919 1239 1023; baseline -0.009 -21"><span class='ocrx_word' id='word_1_31' title='bbox 141 994 145 1002; x_wconf 92' lang='lat'><strong>.</strong></span> <span class='ocrx_word' id='word_1_32' title='bbox 237 950 297 997; x_wconf 87' lang='lat' dir='ltr'>res</span> <span class='ocrx_word' id='word_1_33' title='bbox 317 925 493 995; x_wconf 88' lang='lat' dir='ltr'>damnum</span> <span class='ocrx_word' id='word_1_34' title='bbox 506 925 689 1023; x_wconf 83' lang='lat' dir='ltr'>patiantur</span> <span class='ocrx_word' id='word_1_35' title='bbox 708 923 918 1009; x_wconf 86' lang='lat' dir='ltr'>fraudibus,</span> <span class='ocrx_word' id='word_1_36' title='bbox 944 947 1034 1022; x_wconf 88' lang='lat' dir='ltr'>quas</span> <span class='ocrx_word' id='word_1_37' title='bbox 1049 919 1211 1020; x_wconf 84' lang='lat' dir='ltr'>improbi</span> <span class='ocrx_word' id='word_1_38' title='bbox 1238 943 1239 946; x_wconf 73' lang='grc'>’</span> 
     </span>
     <span class='ocr_line' id='line_1_7' title="bbox 238 1031 1208 1134; baseline -0.003 -29"><span class='ocrx_word' id='word_1_39' title='bbox 238 1050 350 1133; x_wconf 87' lang='lat' dir='ltr'>atque</span> <span class='ocrx_word' id='word_1_40' title='bbox 377 1031 673 1134; x_wconf 78' lang='lat' dir='ltr'>avidiconjuges</span> <span class='ocrx_word' id='word_1_41' title='bbox 702 1032 799 1106; x_wconf 89' lang='lat' dir='ltr'>inter</span> <span class='ocrx_word' id='word_1_42' title='bbox 825 1059 863 1106; x_wconf 91' lang='lat' dir='ltr'>se</span> <span class='ocrx_word' id='word_1_43' title='bbox 894 1033 1019 1104; x_wconf 84' lang='lat' dir='ltr'>moliri</span> <span class='ocrx_word' id='word_1_44' title='bbox 1050 1044 1208 1134; x_wconf 86' lang='lat' dir='ltr'><strong>possent.</strong></span> 
     </span>
    </p>
   </div>
   <div class='ocr_carea' id='block_1_2' title="bbox 95 1162 1249 2814">
    <p class='ocr_par' dir='ltr' id='par_1_2' title="bbox 235 1162 1212 1710">
     <span class='ocr_line' id='line_1_8' title="bbox 286 1162 1211 1263; baseline 0 -30"><span class='ocrx_word' id='word_1_45' title='bbox 286 1163 379 1235; x_wconf 89' lang='lat' dir='ltr'>Cum</span> <span class='ocrx_word' id='word_1_46' title='bbox 402 1162 577 1236; x_wconf 87' lang='lat' dir='ltr'>institutio</span> <span class='ocrx_word' id='word_1_47' title='bbox 603 1162 843 1263; x_wconf 79' lang='lat' dir='ltr'><strong>separationis</strong></span> <span class='ocrx_word' id='word_1_48' title='bbox 868 1162 1057 1235; x_wconf 88' lang='lat' dir='ltr'>bonorum</span> <span class='ocrx_word' id='word_1_49' title='bbox 1084 1186 1211 1234; x_wconf 88' lang='lat' dir='ltr'>reme·</span> 
     </span>
     <span class='ocr_line' id='line_1_9' title="bbox 235 1276 1212 1378; baseline -0.003 -29"><span class='ocrx_word' id='word_1_50' title='bbox 235 1276 341 1350; x_wconf 87' lang='lat' dir='ltr'>dium</span> <span class='ocrx_word' id='word_1_51' title='bbox 355 1277 471 1378; x_wconf 79' lang='lat' dir='ltr'>legale</span> <span class='ocrx_word' id='word_1_52' title='bbox 486 1279 531 1350; x_wconf 91' lang='lat' dir='ltr'>sit</span> <span class='ocrx_word' id='word_1_53' title='bbox 548 1293 677 1353; x_wconf 89' lang='lat' dir='ltr'>contra</span> <span class='ocrx_word' id='word_1_54' title='bbox 698 1279 834 1351; x_wconf 81' lang='lat' dir='ltr'>malam&#39;</span> <span class='ocrx_word' id='word_1_55' title='bbox 852 1278 970 1351; x_wconf 86' lang='lat' dir='ltr'>mariti</span> <span class='ocrx_word' id='word_1_56' title='bbox 985 1277 1212 1350; x_wconf 89' lang='lat' dir='ltr'>administra-</span> 
     </span>
     <span class='ocr_line' id='line_1_10' title="bbox 235 1388 1212 1491; baseline -0.002 -29"><span class='ocrx_word' id='word_1_57' title='bbox 235 1389 394 1478; x_wconf 83' lang='lat' dir='ltr'>tionem,</span> <span class='ocrx_word' id='word_1_58' title='bbox 418 1389 584 1489; x_wconf 87' lang='lat' dir='ltr'>sequitur</span> <span class='ocrx_word' id='word_1_59' title='bbox 598 1388 655 1487; x_wconf 90' lang='lat' dir='ltr'>jus</span> <span class='ocrx_word' id='word_1_60' title='bbox 683 1414 765 1461; x_wconf 84' lang='lat' dir='ltr'>eam</span> <span class='ocrx_word' id='word_1_61' title='bbox 782 1389 931 1491; x_wconf 88' lang='lat' dir='ltr'>petendi</span> <span class='ocrx_word' id='word_1_62' title='bbox 959 1389 1026 1464; x_wconf 90' lang='lat' dir='ltr'>soli</span> <span class='ocrx_word' id='word_1_63' title='bbox 1060 1414 1212 1490; x_wconf 84' lang='lat' dir='ltr'>compe·</span> 
     </span>
     <span class='ocr_line' id='line_1_11' title="bbox 236 1499 1212 1600; baseline -0.001 -25"><span class='ocrx_word' id='word_1_64' title='bbox 236 1513 318 1581; x_wconf 77' lang='lat' dir='ltr'>lere</span> <span class='ocrx_word' id='word_1_65' title='bbox 337 1502 460 1589; x_wconf 82' lang='lat' dir='ltr'>uxori,</span> <span class='ocrx_word' id='word_1_66' title='bbox 486 1500 597 1600; x_wconf 90' lang='lat' dir='ltr'>idque</span> <span class='ocrx_word' id='word_1_67' title='bbox 616 1499 771 1575; x_wconf 83' lang='lat' dir='ltr'>durante</span> <span class='ocrx_word' id='word_1_68' title='bbox 790 1517 932 1575; x_wconf 86' lang='lat' dir='ltr'>tantum</span> <span class='ocrx_word' id='word_1_69' title='bbox 959 1501 1212 1576; x_wconf 58' lang='lat' dir='ltr'>matrimonioa</span> 
     </span>
     <span class='ocr_line' id='line_1_12' title="bbox 237 1611 1211 1710; baseline 0.002 -28"><span class='ocrx_word' id='word_1_70' title='bbox 237 1612 314 1684; x_wconf 83' lang='lat' dir='ltr'>Art.</span> <span class='ocrx_word' id='word_1_71' title='bbox 340 1641 370 1685; x_wconf 94' lang='lat'>1.</span> <span class='ocrx_word' id='word_1_72' title='bbox 392 1619 435 1684; x_wconf 83' lang='lat' dir='ltr'>tit</span> <span class='ocrx_word' id='word_1_73' title='bbox 456 1612 540 1682; x_wconf 89' lang='lat' dir='ltr'><strong>VII.</strong></span> <span class='ocrx_word' id='word_1_74' title='bbox 561 1611 807 1681; x_wconf 86' lang='lat' dir='ltr'><strong>Commodum</strong></span> <span class='ocrx_word' id='word_1_75' title='bbox 825 1612 1023 1710; x_wconf 83' lang='lat' dir='ltr'>conjugum</span> <span class='ocrx_word' id='word_1_76' title='bbox 1040 1611 1211 1709; x_wconf 88' lang='lat' dir='ltr'>junctum</span> 
     </span>
    </p>

    <p class='ocr_par' dir='ltr' id='par_1_3' title="bbox 95 1722 1249 2814">
     <span class='ocr_line' id='line_1_13' title="bbox 95 1722 1213 1823; baseline 0.002 -27"><span class='ocrx_word' id='word_1_77' title='bbox 95 1803 99 1810; x_wconf 55' lang='grc'>,</span> <span class='ocrx_word' id='word_1_78' title='bbox 178 1785 181 1788; x_wconf 88' lang='grc'><strong>.</strong></span> <span class='ocrx_word' id='word_1_79' title='bbox 235 1725 379 1797; x_wconf 79' lang='lat' dir='ltr'>utilitati</span> <span class='ocrx_word' id='word_1_80' title='bbox 399 1723 556 1823; x_wconf 84' lang='lat' dir='ltr'>publicae</span> <span class='ocrx_word' id='word_1_81' title='bbox 573 1748 682 1794; x_wconf 89' lang='lat' dir='ltr'>causa</span> <span class='ocrx_word' id='word_1_82' title='bbox 703 1722 792 1810; x_wconf 84' lang='lat' dir='ltr'>fuit,</span> <span class='ocrx_word' id='word_1_83' title='bbox 813 1749 880 1795; x_wconf 92' lang='lat' dir='ltr'>cur</span> <span class='ocrx_word' id='word_1_84' title='bbox 898 1737 1070 1796; x_wconf 88' lang='lat' dir='ltr'>statutum</span> <span class='ocrx_word' id='word_1_85' title='bbox 1085 1727 1145 1812; x_wconf 90' lang='lat' dir='ltr'>sit,</span> <span class='ocrx_word' id='word_1_86' title='bbox 1170 1739 1213 1798; x_wconf 92' lang='lat' dir='ltr'>ut</span> 
     </span>
     <span class='ocr_line' id='line_1_14' title="bbox 236 1826 1211 1934; baseline -0.001 -24"><span class='ocrx_word' id='word_1_87' title='bbox 236 1826 502 1911; x_wconf 85' lang='lat' dir='ltr'>conventiones</span> <span class='ocrx_word' id='word_1_88' title='bbox 536 1834 734 1934; x_wconf 85' lang='lat' dir='ltr'>nuptiales,</span> <span class='ocrx_word' id='word_1_89' title='bbox 767 1847 846 1909; x_wconf 89' lang='lat' dir='ltr'>tum</span> <span class='ocrx_word' id='word_1_90' title='bbox 887 1861 1111 1934; x_wconf 61' lang='lat' dir='ltr'>expressae,‘·</span> <span class='ocrx_word' id='word_1_91' title='bbox 1132 1851 1211 1910; x_wconf 92' lang='lat' dir='ltr'>tum</span> 
     </span>
     <span class='ocr_line' id='line_1_15' title="bbox 144 1948 1211 2040; baseline 0.002 -19"><span class='ocrx_word' id='word_1_92' title='bbox 144 2018 153 2040; x_wconf 72' lang='grc'>,</span> <span class='ocrx_word' id='word_1_93' title='bbox 236 1951 371 2040; x_wconf 84' lang='lat' dir='ltr'>tacitae,</span> <span class='ocrx_word' id='word_1_94' title='bbox 400 1964 516 2023; x_wconf 85' lang='lat' dir='ltr'>stante</span> <span class='ocrx_word' id='word_1_95' title='bbox 534 1948 769 2022; x_wconf 86' lang='lat' dir='ltr'>matrimonio</span> <span class='ocrx_word' id='word_1_96' title='bbox 784 1949 924 2021; x_wconf 86' lang='lat' dir='ltr'>nullam</span> <span class='ocrx_word' id='word_1_97' title='bbox 941 1950 1107 2023; x_wconf 86' lang='lat' dir='ltr'>subirent</span> <span class='ocrx_word' id='word_1_98' title='bbox 1127 1977 1211 2023; x_wconf 92' lang='lat' dir='ltr'>mu-</span> 
     </span>
     <span class='ocr_line' id='line_1_16' title="bbox 236 2064 1249 2165; baseline 0.003 -25"><span class='ocrx_word' id='word_1_99' title='bbox 236 2067 433 2156; x_wconf 87' lang='lat' dir='ltr'>tationem;</span> <span class='ocrx_word' id='word_1_100' title='bbox 464 2065 550 2136; x_wconf 91' lang='lat' dir='ltr'>hinc</span> <span class='ocrx_word' id='word_1_101' title='bbox 578 2064 710 2136; x_wconf 88' lang='lat' dir='ltr'>iterum</span> <span class='ocrx_word' id='word_1_102' title='bbox 739 2064 918 2160; x_wconf 86' lang='lat' dir='ltr'>sequitur,</span> <span class='ocrx_word' id='word_1_103' title='bbox 940 2068 1211 2165; x_wconf 86' lang='lat' dir='ltr'>separationem</span> <span class='ocrx_word' id='word_1_104' title='bbox 1246 2131 1249 2143; x_wconf 93' lang='lat'><em>.</em></span> 
     </span>
     <span class='ocr_line' id='line_1_17' title="bbox 237 2172 1210 2269; baseline -0.004 -20"><span class='ocrx_word' id='word_1_105' title='bbox 237 2179 424 2249; x_wconf 85' lang='lat' dir='ltr'>bonorum</span> <span class='ocrx_word' id='word_1_106' title='bbox 443 2199 520 2245; x_wconf 91' lang='lat' dir='ltr'>non</span> <span class='ocrx_word' id='word_1_107' title='bbox 543 2173 670 2243; x_wconf 89' lang='lat' dir='ltr'>locum</span> <span class='ocrx_word' id='word_1_108' title='bbox 696 2172 833 2243; x_wconf 82' lang='lat' dir='ltr'>habere</span> <span class='ocrx_word' id='word_1_109' title='bbox 850 2196 958 2269; x_wconf 88' lang='lat' dir='ltr'>posse</span> <span class='ocrx_word' id='word_1_110' title='bbox 970 2189 1097 2246; x_wconf 90' lang='lat' dir='ltr'>mutuo</span> <span class='ocrx_word' id='word_1_111' title='bbox 1117 2202 1210 2248; x_wconf 88' lang='lat' dir='ltr'>con-</span> 
     </span>
     <span class='ocr_line' id='line_1_18' title="bbox 236 2281 1213 2388; baseline -0.001 -28"><span class='ocrx_word' id='word_1_112' title='bbox 236 2287 364 2388; x_wconf 83' lang='lat' dir='ltr'>jugum</span> <span class='ocrx_word' id='word_1_113' title='bbox 398 2303 592 2372; x_wconf 84' lang='lat' dir='ltr'>consensu,</span> <span class='ocrx_word' id='word_1_114' title='bbox 638 2283 704 2357; x_wconf 86' lang='lat' dir='ltr'>sed</span> <span class='ocrx_word' id='word_1_115' title='bbox 746 2311 767 2356; x_wconf 84' lang='lat' dir='ltr'>a</span> <span class='ocrx_word' id='word_1_116' title='bbox 806 2281 929 2384; x_wconf 86' lang='lat' dir='ltr'>judice</span> <span class='ocrx_word' id='word_1_117' title='bbox 974 2289 1213 2385; x_wconf 77' lang='lat' dir='ltr'>pronunciari</span> 
     </span>
     <span class='ocr_line' id='line_1_19' title="bbox 238 2397 1211 2502; baseline 0.002 -27"><span class='ocrx_word' id='word_1_118' title='bbox 238 2403 401 2490; x_wconf 87' lang='lat' dir='ltr'>debere,</span> <span class='ocrx_word' id='word_1_119' title='bbox 446 2417 639 2502; x_wconf 82' lang='lat' dir='ltr'>postquam</span> <span class='ocrx_word' id='word_1_120' title='bbox 681 2397 766 2471; x_wconf 90' lang='lat' dir='ltr'>huic</span> <span class='ocrx_word' id='word_1_121' title='bbox 808 2400 1039 2500; x_wconf 82' lang='lat' dir='ltr'>apparuerit,</span> <span class='ocrx_word' id='word_1_122' title='bbox 1085 2400 1211 2477; x_wconf 84' lang='lat' dir='ltr'>adesse</span> 
     </span>
     <span class='ocr_line' id='line_1_20' title="bbox 237 2508 1211 2610; baseline -0.001 -20"><span class='ocrx_word' id='word_1_123' title='bbox 237 2527 365 2590; x_wconf 81' lang='lat' dir='ltr'>revera</span> <span class='ocrx_word' id='word_1_124' title='bbox 402 2538 544 2600; x_wconf 85' lang='lat' dir='ltr'>causas,</span> <span class='ocrx_word' id='word_1_125' title='bbox 563 2508 711 2610; x_wconf 61' lang='lat' dir='ltr'>‘quibus</span> <span class='ocrx_word' id='word_1_126' title='bbox 742 2510 869 2582; x_wconf 91' lang='lat' dir='ltr'>nititur</span> <span class='ocrx_word' id='word_1_127' title='bbox 897 2511 1039 2610; x_wconf 86' lang='lat' dir='ltr'>petitio.</span> <span class='ocrx_word' id='word_1_128' title='bbox 1070 2515 1152 2586; x_wconf 76' lang='lat' dir='ltr'>Art.</span> <span class='ocrx_word' id='word_1_129' title='bbox 1175 2542 1211 2590; x_wconf 85' lang='lat'>2.</span> 
     </span>
     <span class='ocr_line' id='line_1_21' title="bbox 238 2622 1212 2725; baseline -0.001 -24"><span class='ocrx_word' id='word_1_130' title='bbox 238 2629 306 2702; x_wconf 86' lang='lat' dir='ltr'>Hae</span> <span class='ocrx_word' id='word_1_131' title='bbox 326 2642 449 2701; x_wconf 87' lang='lat' dir='ltr'>autem</span> <span class='ocrx_word' id='word_1_132' title='bbox 471 2635 589 2700; x_wconf 85' lang='lat' dir='ltr'>causae</span> <span class='ocrx_word' id='word_1_133' title='bbox 608 2636 683 2698; x_wconf 87' lang='lat' dir='ltr'>tres</span> <span class='ocrx_word' id='word_1_134' title='bbox 710 2623 750 2693; x_wconf 91' lang='lat' dir='ltr'>in</span> <span class='ocrx_word' id='word_1_135' title='bbox 764 2622 902 2698; x_wconf 89' lang='lat' dir='ltr'>Codice</span> <span class='ocrx_word' id='word_1_136' title='bbox 913 2637 1039 2725; x_wconf 85' lang='lat' dir='ltr'>nostro</span> <span class='ocrx_word' id='word_1_137' title='bbox 1053 2650 1212 2700; x_wconf 89' lang='lat' dir='ltr'>enume-</span> 
     </span>
     <span class='ocr_line' id='line_1_22' title="bbox 239 2756 396 2814; baseline -0.006 -1"><span class='ocrx_word' id='word_1_138' title='bbox 239 2756 396 2814; x_wconf 86' lang='lat' dir='ltr'>rantur:</span> 
     </span>
    </p>
   </div>
   <div class='ocr_carea' id='block_1_3' title="bbox 209 2863 1214 3064">
    <p class='ocr_par' dir='ltr' id='par_1_4' title="bbox 209 2863 1214 3064">
     <span class='ocr_line' id='line_1_23' title="bbox 292 2863 1211 2971; baseline 0.021 -47"><span class='ocrx_word' id='word_1_139' title='bbox 292 2886 336 2937; x_wconf 89' lang='lat'>1⁰.</span> <span class='ocrx_word' id='word_1_140' title='bbox 362 2863 519 2971; x_wconf 78' lang='lat' dir='ltr'>Quando</span> <span class='ocrx_word' id='word_1_141' title='bbox 539 2863 607 2935; x_wconf 91' lang='lat' dir='ltr'>dos</span> <span class='ocrx_word' id='word_1_142' title='bbox 637 2865 690 2958; x_wconf 69' lang='lat'>(⁴)</span> <span class='ocrx_word' id='word_1_143' title='bbox 712 2864 837 2934; x_wconf 88' lang='lat' dir='ltr'>uxoris</span> <span class='ocrx_word' id='word_1_144' title='bbox 864 2865 903 2935; x_wconf 93' lang='lat' dir='ltr'>in</span> <span class='ocrx_word' id='word_1_145' title='bbox 921 2867 1128 2963; x_wconf 86' lang='lat' dir='ltr'>periculum</span> <span class='ocrx_word' id='word_1_146' title='bbox 1156 2883 1211 2943; x_wconf 92' lang='lat' dir='ltr'>est</span> 
     </span>
     <span class='ocr_line' id='line_1_24' title="bbox 209 2977 1214 3064; baseline 0.025 -13"><span class='ocrx_word' id='word_1_147' title='bbox 209 3012 213 3019; x_wconf 91' lang='lat'>·</span> <span class='ocrx_word' id='word_1_148' title='bbox 239 2977 410 3064; x_wconf 84' lang='lat' dir='ltr'>adducta,</span> <span class='ocrx_word' id='word_1_149' title='bbox 1211 2983 1214 2987; x_wconf 29' lang='lat'><em>¹</em></span> 
     </span>
    </p>
   </div>
   <div class='ocr_carea' id='block_1_4' title="bbox 237 3226 1212 3501">
    <p class='ocr_par' dir='ltr' id='par_1_5' title="bbox 237 3226 1212 3501">
     <span class='ocr_line' id='line_1_25' title="bbox 239 3226 1212 3308; baseline 0.003 -17"><span class='ocrx_word' id='word_1_150' title='bbox 239 3234 301 3293; x_wconf 74' lang='lat' dir='ltr'>olle</span> <span class='ocrx_word' id='word_1_151' title='bbox 317 3230 451 3288; x_wconf 80' lang='lat' dir='ltr'>belastcn</span> <span class='ocrx_word' id='word_1_152' title='bbox 463 3273 471 3300; x_wconf 94' lang='lat'>,</span> <span class='ocrx_word' id='word_1_153' title='bbox 483 3243 570 3308; x_wconf 80' lang='lat' dir='ltr'>nogte</span> <span class='ocrx_word' id='word_1_154' title='bbox 586 3226 663 3288; x_wconf 81' lang='lat' dir='ltr'>haer</span> <span class='ocrx_word' id='word_1_155' title='bbox 684 3247 762 3288; x_wconf 82' lang='lat' dir='ltr'>noor</span> <span class='ocrx_word' id='word_1_156' title='bbox 773 3229 854 3306; x_wconf 78' lang='lat' dir='ltr'>zijne</span> <span class='ocrx_word' id='word_1_157' title='bbox 870 3229 1014 3290; x_wconf 81' lang='lat' dir='ltr'>schulden</span> <span class='ocrx_word' id='word_1_158' title='bbox 1031 3232 1212 3304; x_wconf 72' lang='lat' dir='ltr'>verbinden.</span> 
     </span>
     <span class='ocr_line' id='line_1_26' title="bbox 239 3323 1211 3414; baseline 0.004 -25"><span class='ocrx_word' id='word_1_159' title='bbox 239 3329 280 3390; x_wconf 84' lang='lat' dir='ltr'>cl.</span> <span class='ocrx_word' id='word_1_160' title='bbox 307 3329 352 3387; x_wconf 82' lang='lat' dir='ltr'>Dn</span> <span class='ocrx_word' id='word_1_161' title='bbox 374 3327 496 3398; x_wconf 80' lang='lat' dir='ltr'>Gnoor,</span> <span class='ocrx_word' id='word_1_162' title='bbox 517 3323 702 3405; x_wconf 82' lang='lat' dir='ltr'>Inleijdingc</span> <span class='ocrx_word' id='word_1_163' title='bbox 720 3337 763 3386; x_wconf 85' lang='lat' dir='ltr'>tot</span> <span class='ocrx_word' id='word_1_164' title='bbox 781 3325 820 3384; x_wconf 84' lang='lat' dir='ltr'>de</span> <span class='ocrx_word' id='word_1_165' title='bbox 837 3325 1045 3390; x_wconf 69' lang='lat' dir='ltr'>Hottantscte</span> <span class='ocrx_word' id='word_1_166' title='bbox 1060 3331 1211 3414; x_wconf 73' lang='lat' dir='ltr'>Rechtge·</span> 
     </span>
     <span class='ocr_line' id='line_1_27' title="bbox 237 3415 1087 3501; baseline 0 -16"><span class='ocrx_word' id='word_1_167' title='bbox 237 3422 388 3501; x_wconf 79' lang='lat' dir='ltr'>leertlicijt</span> <span class='ocrx_word' id='word_1_168' title='bbox 400 3468 408 3495; x_wconf 93' lang='lat'>,</span> <span class='ocrx_word' id='word_1_169' title='bbox 418 3420 516 3482; x_wconf 80' lang='lat' dir='ltr'>Boelt.</span> <span class='ocrx_word' id='word_1_170' title='bbox 536 3442 561 3481; x_wconf 88' lang='lat' dir='ltr'>r.</span> <span class='ocrx_word' id='word_1_171' title='bbox 577 3418 660 3480; x_wconf 85' lang='lat' dir='ltr'>Deel.</span> <span class='ocrx_word' id='word_1_172' title='bbox 673 3417 701 3479; x_wconf 82' lang='lat'>5.</span> <span class='ocrx_word' id='word_1_173' title='bbox 715 3419 732 3500; x_wconf 65' lang='lat' dir='ltr'>fi</span> <span class='ocrx_word' id='word_1_174' title='bbox 744 3415 793 3495; x_wconf 72' lang='lat'>24,</span> <span class='ocrx_word' id='word_1_175' title='bbox 809 3425 841 3479; x_wconf 84' lang='lat' dir='ltr'>ct</span> <span class='ocrx_word' id='word_1_176' title='bbox 852 3419 915 3481; x_wconf 90' lang='lat' dir='ltr'>loci</span> <span class='ocrx_word' id='word_1_177' title='bbox 930 3421 975 3482; x_wconf 94' lang='lat' dir='ltr'>ibi</span> <span class='ocrx_word' id='word_1_178' title='bbox 989 3422 1087 3486; x_wconf 80' lang='lat' dir='ltr'>citati.</span> 
     </span>
    </p>
   </div>
   <div class='ocr_carea' id='block_1_5' title="bbox 211 3549 1229 4127">
    <p class='ocr_par' dir='ltr' id='par_1_6' title="bbox 223 3549 1229 3909">
     <span class='ocr_line' id='line_1_28' title="bbox 279 3549 1209 3636; baseline 0.002 -22"><span class='ocrx_word' id='word_1_179' title='bbox 279 3554 319 3631; x_wconf 67' lang='lat' dir='ltr'>(a)</span> <span class='ocrx_word' id='word_1_180' title='bbox 330 3554 395 3614; x_wconf 83' lang='lat' dir='ltr'>Lex</span> <span class='ocrx_word' id='word_1_181' title='bbox 407 3551 459 3612; x_wconf 89' lang='lat' dir='ltr'>hic</span> <span class='ocrx_word' id='word_1_182' title='bbox 473 3570 536 3611; x_wconf 91' lang='lat' dir='ltr'>non</span> <span class='ocrx_word' id='word_1_183' title='bbox 548 3550 614 3611; x_wconf 84' lang='lat' dir='ltr'>doti</span> <span class='ocrx_word' id='word_1_184' title='bbox 628 3549 884 3632; x_wconf 83' lang='lat' dir='ltr'>significationem</span> <span class='ocrx_word' id='word_1_185' title='bbox 896 3551 1017 3629; x_wconf 87' lang='lat' dir='ltr'>tribuit,</span> <span class='ocrx_word' id='word_1_186' title='bbox 1034 3552 1209 3636; x_wconf 77' lang='lat' dir='ltr'>quam&#39;jure</span> 
     </span>
     <span class='ocr_line' id='line_1_29' title="bbox 240 3644 1211 3731; baseline 0.003 -22"><span class='ocrx_word' id='word_1_187' title='bbox 240 3651 361 3713; x_wconf 88' lang='lat' dir='ltr'>Gallico</span> <span class='ocrx_word' id='word_1_188' title='bbox 374 3648 433 3708; x_wconf 85' lang='lat' dir='ltr'>snb</span> <span class='ocrx_word' id='word_1_189' title='bbox 442 3646 594 3729; x_wconf 82' lang='lat' dir='ltr'>regimine</span> <span class='ocrx_word' id='word_1_190' title='bbox 608 3645 704 3706; x_wconf 88' lang='lat' dir='ltr'>dotali</span> <span class='ocrx_word' id='word_1_191' title='bbox 714 3644 824 3722; x_wconf 76' lang='lat' dir='ltr'>hebet,</span> <span class='ocrx_word' id='word_1_192' title='bbox 835 3645 890 3707; x_wconf 76' lang='lat' dir='ltr'>set</span> <span class='ocrx_word' id='word_1_193' title='bbox 899 3647 954 3708; x_wconf 86' lang='lat' dir='ltr'>dos</span> <span class='ocrx_word' id='word_1_194' title='bbox 962 3648 1021 3731; x_wconf 87' lang='lat' dir='ltr'>hoc</span> <span class='ocrx_word' id='word_1_195' title='bbox 1033 3648 1104 3711; x_wconf 88' lang='lat' dir='ltr'>loco</span> <span class='ocrx_word' id='word_1_196' title='bbox 1115 3671 1211 3717; x_wconf 87' lang='lat' dir='ltr'>sensu</span> 
     </span>
     <span class='ocr_line' id='line_1_30' title="bbox 223 3741 1209 3830; baseline -0.002 -20"><span class='ocrx_word' id='word_1_197' title='bbox 223 3747 344 3811; x_wconf 65' lang='lat' dir='ltr'>&#39;latiori</span> <span class='ocrx_word' id='word_1_198' title='bbox 358 3744 488 3826; x_wconf 81' lang='lat' dir='ltr'>intelligi</span> <span class='ocrx_word' id='word_1_199' title='bbox 503 3742 612 3816; x_wconf 86' lang='lat' dir='ltr'>debet,</span> <span class='ocrx_word' id='word_1_200' title='bbox 629 3742 670 3802; x_wconf 86' lang='lat' dir='ltr'>ita</span> <span class='ocrx_word' id='word_1_201' title='bbox 685 3751 720 3802; x_wconf 88' lang='lat' dir='ltr'>ut</span> <span class='ocrx_word' id='word_1_202' title='bbox 733 3741 836 3802; x_wconf 84' lang='lat' dir='ltr'>omnia</span> <span class='ocrx_word' id='word_1_203' title='bbox 849 3741 931 3803; x_wconf 84' lang='lat' dir='ltr'>bona</span> <span class='ocrx_word' id='word_1_204' title='bbox 947 3744 1122 3820; x_wconf 83' lang='lat' dir='ltr'>contineat,</span> <span class='ocrx_word' id='word_1_205' title='bbox 1139 3770 1209 3830; x_wconf 71' lang='lat' dir='ltr'>quaa</span> 
     </span>
     <span class='ocr_line' id='line_1_31' title="bbox 239 3838 1229 3909; baseline 0.002 -2"><span class='ocrx_word' id='word_1_206' title='bbox 239 3865 319 3906; x_wconf 85' lang='lat' dir='ltr'>uxor</span> <span class='ocrx_word' id='word_1_207' title='bbox 331 3844 364 3902; x_wconf 92' lang='lat' dir='ltr'>in</span> <span class='ocrx_word' id='word_1_208' title='bbox 379 3841 615 3902; x_wconf 86' lang='lat' dir='ltr'>matrimonium</span> <span class='ocrx_word' id='word_1_209' title='bbox 629 3838 741 3900; x_wconf 87' lang='lat' dir='ltr'>attulit.</span> <span class='ocrx_word' id='word_1_210' title='bbox 758 3841 804 3899; x_wconf 85' lang='lat' dir='ltr'>Ita</span> <span class='ocrx_word' id='word_1_211' title='bbox 826 3839 938 3900; x_wconf 84' lang='lat' dir='ltr'>saltem</span> <span class='ocrx_word' id='word_1_212' title='bbox 958 3839 1050 3902; x_wconf 84' lang='lat' dir='ltr'>docet</span> <span class='ocrx_word' id='word_1_213' title='bbox 1063 3843 1120 3905; x_wconf 85' lang='lat' dir='ltr'>Vir</span> <span class='ocrx_word' id='word_1_214' title='bbox 1136 3866 1209 3906; x_wconf 84' lang='lat' dir='ltr'>cru·</span> <span class='ocrx_word' id='word_1_215' title='bbox 1227 3903 1229 3909; x_wconf 93' lang='lat'><em>.</em></span> 
     </span>
    </p>

    <p class='ocr_par' dir='ltr' id='par_1_7' title="bbox 211 3935 1211 4127">
     <span class='ocr_line' id='line_1_32' title="bbox 211 3935 1211 4026; baseline 0.007 -24"><span class='ocrx_word' id='word_1_216' title='bbox 211 3950 219 3965; x_wconf 60' lang='lat'>‘</span> <span class='ocrx_word' id='word_1_217' title='bbox 240 3943 386 4005; x_wconf 83' lang='lat' dir='ltr'>dissimns</span> <span class='ocrx_word' id='word_1_218' title='bbox 402 3943 534 4000; x_wconf 78' lang='lat' dir='ltr'>Nrcontr</span> <span class='ocrx_word' id='word_1_219' title='bbox 548 3939 579 3999; x_wconf 93' lang='lat' dir='ltr'>in</span> <span class='ocrx_word' id='word_1_220' title='bbox 596 3937 758 4010; x_wconf 85' lang='lat' dir='ltr'>oratione,</span> <span class='ocrx_word' id='word_1_221' title='bbox 773 3957 867 4019; x_wconf 86' lang='lat' dir='ltr'>quam</span> <span class='ocrx_word' id='word_1_222' title='bbox 880 3937 931 4003; x_wconf 80' lang='lat' dir='ltr'>(lie</span> <span class='ocrx_word' id='word_1_223' title='bbox 945 3935 966 3996; x_wconf 88' lang='lat'>6</span> <span class='ocrx_word' id='word_1_224' title='bbox 978 3935 1049 4020; x_wconf 83' lang='lat' dir='ltr'>julii</span> <span class='ocrx_word' id='word_1_225' title='bbox 1067 3942 1161 4026; x_wconf 79' lang='lat'>1822,</span> <span class='ocrx_word' id='word_1_226' title='bbox 1175 3945 1211 4020; x_wconf 65' lang='lat' dir='ltr'>in</span> 
     </span>
     <span class='ocr_line' id='line_1_33' title="bbox 240 4033 1104 4127; baseline -0.005 -28"><span class='ocrx_word' id='word_1_227' title='bbox 240 4041 392 4127; x_wconf 69' lang='lat' dir='ltr'>poncione</span> <span class='ocrx_word' id='word_1_228' title='bbox 408 4037 563 4113; x_wconf 81' lang='lat' dir='ltr'>Ordinum</span> <span class='ocrx_word' id='word_1_229' title='bbox 573 4035 768 4123; x_wconf 80' lang='lat' dir='ltr'>generalium</span> <span class='ocrx_word' id='word_1_230' title='bbox 782 4033 1009 4120; x_wconf 77' lang='lat' dir='ltr'>prenunciavit.</span> <span class='ocrx_word' id='word_1_231' title='bbox 1032 4084 1034 4089; x_wconf 83' lang='lat'><em>-</em></span> <span class='ocrx_word' id='word_1_232' title='bbox 1100 4083 1104 4095; x_wconf 76' lang='grc'><strong>,</strong></span> 
     </span>
    </p>
   </div>
   <div class='ocr_carea' id='block_1_6' title="bbox 0 0 1303 4724">
    <p class='ocr_par' dir='ltr' id='par_1_8' title="bbox 0 0 1303 4724">
     <span class='ocr_line' id='line_1_34' title="bbox 0 0 1303 4724; baseline 0 0"><span class='ocrx_word' id='word_1_233' title='bbox 0 0 1303 4724; x_wconf 95' lang='lat' dir='ltr'> </span> 
     </span>
    </p>
   </div>
  </div>
 </body>
</html>
