2596 4724
247 445 537 549 impediendum,
555 451 751 551 quominus
765 436 997 523 conscientiae
1017 446 1207 525 hominum

247 560 294 635 de
327 589 412 639 vera
447 580 575 639 natura
607 566 713 664 hujus
751 580 957 639 contractus
995 564 1206 657 turbentur;

249 692 446 774 praeterea,
468 709 534 781 per
553 708 666 780 pauca
692 680 800 777 hujus
819 676 958 780 articuli
977 679 1103 765 verba,
1121 677 1208 749 inli-

245 790 320 860 nita
341 808 608 888 praevertuntur
622 802 852 888 argumenta,
872 809 953 888 quae
977 806 1105 863 contra
1133 792 1207 863 dis-

242 909 450 1007 solutionem
468 903 689 974 matrimonii
705 919 853 1002 possent
867 903 999 1005 afferri.
1018 909 1054 978 V
1050 908 1098 977 id.
1106 907 1205 1005 ulies·

237 1015 429 1108 pensiones
448 1018 497 1088 ad
514 1017 766 1094 observationes
782 1019 957 1090 ordinum
968 999 1204 1115 generalium,

242 1129 365 1200 dart
393 1155 419 1201 1.

291 1270 402 1343 Plane
432 1272 538 1372 igitur
564 1272 756 1345 hominum
775 1271 1006 1344 conscientiae
1033 1267 1208 1368 relinquit

242 1382 320 1471 lex,
353 1401 475 1459 utrum
502 1384 802 1482 conjunctionem
833 1384 927 1455 hanc
965 1409 1090 1455 coram
1125 1384 1205 1455 Deo

128 1541 133 1547 -
239 1499 458 1585 confirmare
494 1498 606 1595 velint
636 1524 705 1571 nec
736 1523 806 1583 ne3
831 1496 1008 1595 nihilque
1038 1498 1134 1569 inter
1165 1522 1205 1568 se

240 1634 436 1682 commune
457 1607 600 1682 liabent
622 1608 757 1707 nuptiae
787 1597 924 1696 civiles,
952 1624 1060 1706 atque
1086 1597 1206 1680 ecclc-

241 1723 406 1819 siasticae,
427 1723 473 1794 ita
490 1736 529 1793 ut
546 1721 644 1820 leges
659 1721 783 1794 civiles
809 1720 928 1793 nullos
942 1721 1010 1793 viri
1030 1721 1205 1816 mulieris-

238 1858 311 1934 que
323 1833 575 1934 conjunctioni
590 1825 725 1906 tribuat
738 1832 903 1921 effectus,
921 1833 989 1905 nisi
1003 1826 1203 1906 secundum

237 1951 403 2050 ipsorum
421 1943 603 2049 praecepta
620 1950 707 2020 inita
726 1949 780 2019 sit.
868 2024 872 2029 ,
1165 1963 1167 1967 ’

252 2074 254 2078 ’
288 2091 335 2162 Iis
351 2107 492 2180 autem,
511 2116 594 2190 quae
611 2091 785 2164 hactenus
800 2090 1049 2177 disseruimus,
1067 2093 1203 2167 scilicet
1240 2136 1246 2144 ,
1271 2080 1273 2084 Α

230 2200 355 2304 'legem
375 2203 518 2277 civilem
533 2202 622 2274 nihil
638 2219 792 2276 statuere
813 2201 859 2274 de
878 2227 940 2290 eo,
960 2203 1059 2303 quod
1075 2204 1200 2304 religio

236 2313 334 2390 circa
350 2315 622 2390 matrimonium
640 2314 859 2417 praescribit,
881 2342 952 2388 una
968 2328 1020 2389 est
1034 2318 1199 2415 exceptio
1240 2399 1241 2402 Ἴ

235 2428 273 2498 i'n
292 2445 358 2502 art.
388 2430 444 2516 55,
464 2429 517 2502 tit.
531 2428 596 2516 IV,
612 2427 676 2499 ubi
697 2428 906 2500 cerimoniae
925 2428 1102 2527 religiosae
1115 2427 1200 2506 ,lieri

232 2539 492 2640 prohihentur,
505 2529 701 2638 antequam
712 2536 885 2637 conjuges
901 2537 1066 2610 ministro
1080 2538 1199 2643 cultus¹

233 2650 347 2727 divini
378 2651 628 2752 probaverint,
664 2676 794 2724 eorum
824 2649 1096 2722 matrimonium
1123 2647 1198 2748 jam

233 2761 303 2834 ritis
322 2787 449 2833 coram
463 2764 669 2858 magistratu
685 2778 795 2836 status
814 2761 927 2836 civilis
942 2789 1018 2836 esse
1034 2761 1199 2834 celebra-

230 2859 318 2947 tum.
341 2871 550 2944 Necessaria
566 2869 633 2942 fuit
656 2872 734 2942 haec
757 2873 946 2969 dispositio
968 2877 1014 2942 ad
1033 2874 1197 2947 vitandas

230 2989 439 3061 innumeras
458 2984 694 3074 calamitates,
714 3009 797 3083 quae
818 2981 902 3055 inde
924 2983 1103 3085 originem
1122 3001 1199 3075 tra-v

228 3103 317 3177 ltere
349 3116 515 3202 possunt,
556 3098 656 3203 quod
689 3098 837 3197 quidam
873 3097 1040 3171 homines
1071 3097 1194 3200 legum

177 3258 180 3262 ,
231 3215 393 3289 civilium
424 3215 496 3284 vim
530 3211 888 3312 planc'ignoranteS,
921 3212 1194 3287 matrimonium

228 3354 333 3401 suum
357 3327 526 3400 omnibus
547 3326 709 3398 numeris
734 3324 937 3399 absolutum
955 3325 1124 3415 eredunt,
1144 3323 1193 3401 si·

225 3441 345 3529 mulae
365 3440 571 3516 secundum
581 3441 671 3512 ritus
684 3440 857 3513 Ecclesiae
876 3453 930 3514 est
944 3446 1189 3533 contractum,

225 3582 301 3628 non
322 3555 582 3653 intelligentes,
611 3553 750 3625 liberos
770 3580 814 3626 ex
840 3554 902 3626 tali
927 3550 1190 3652 conjunctione

224 3682 438 3764 procreatos
469 3691 546 3739 esse
570 3663 793 3763 illegitimos,
823 3692 945 3764 neque
976 3682 1106 3740 caetera
1131 3671 1189 3740 in-

222 3779 418 3850 commoda
454 3775 718 3878 praevidentes,
751 3776 883 3876 quibus
913 3779 1188 3856 matrimonium

36 3883 38 3890 ’
127 3956 132 3970 ,.
221 3916 299 3967 non
318 3889 730 3993 civiliter'eelebrando,¹
750 3890 834 3977 sunt
849 3888 1013 3966 obnoxii.
