2596 4724
161 497 236 598 jam
254 506 390 610 aliquid
405 511 543 586 dictum
561 528 630 601 est,
654 514 692 585 in
709 525 776 584 ort.
793 513 834 584 61
865 510 979 610 hujus
997 514 1093 584 tituli
1101 515 1116 599 ,’
1145 526 1148 531 ’

161 637 272 713 equo
301 622 439 698 scilicet
455 626 539 699 loco
559 625 679 724 colligi
701 650 806 725 posse
825 622 1117 714 videtur,erro·

159 749 255 815 rem,
277 748 316 804 ut
333 734 433 808 vitiet
447 761 664 808 consensum
687 736 783 805 circa
800 735 959 833 nuptias,
984 731 1117 805 versari

159 838 297 934 debere
319 853 357 916 in
376 854 454 941 ipsa
466 874 634 943 persona,
654 847 810 945 quacum
829 847 909 946 quis
926 847 1118 917 matrimo-

156 953 259 1024 nium
272 960 486 1033 contrahere
497 960 564 1032 sibi
581 959 779 1060 proposuit.
790 962 867 1033 Lex
876 960 984 1032 etiam
998 945 1119 1031 statuit

157 1088 378 1140 consensum
393 1099 470 1145 non
486 1073 609 1145 adesse
630 1069 723 1174 apud
744 1097 849 1160 eum,
868 1071 950 1170 qui,
965 1085 1116 1175 propter
1147 1054 1150 1061 ’

155 1176 379 1254 dementiam
398 1186 454 1259 vel
471 1186 652 1274 furorem,
674 1213 771 1259 curae
791 1184 1006 1265 alteriusest
1023 1182 1119 1255 sub-

151 1286 290 1386 jectus,
303 1297 452 1394 Argum.
466 1299 548 1370 Art.
559 1299 622 1381 62;
636 1324 708 1395 qua
719 1298 756 1368 in
766 1323 807 1369 re
818 1294 944 1368 Codex
955 1294 1121 1392 Belgicus

155 1399 266 1503 longe
283 1424 425 1505 praestat
439 1409 462 1478 J
465 1410 519 1481 uri
539 1408 678 1481 Gallico
695 1396 781 1495 ‚uhi
795 1407 843 1479 de
862 1422 985 1479 mente
1007 1405 1121 1504 captis

159 1530 197 1586 et
221 1517 366 1592 furiosis
392 1520 481 1592 nihil
499 1520 597 1593 aliud
621 1521 818 1607 invenitur,
841 1545 951 1616 quam
975 1516 1121 1605 collate·

157 1624 253 1717 cales
280 1644 314 1703 et
337 1645 474 1704 tutores
493 1633 566 1706 sive
587 1648 774 1705 curatores
799 1646 947 1731 propter
965 1629 1123 1704 demen-

157 1741 245 1812 tiam
277 1742 389 1819 futuri
422 1745 605 1847 conjugis,
634 1773 712 1821 sese
747 1744 855 1846 hujus
888 1743 1124 1817 matrimonio

156 1881 265 1957 posse
282 1885 489 1960 opponere3
509 1862 607 1960 conf.
626 1849 693 1934 art.
719 1860 784 1960 174
797 1874 836 1932 n⁰
857 1883 877 1929 2
895 1872 930 1932 ct
948 1856 1012 1954 175
1035 1856 1118 1935 cod,

157 1969 256 2063 Nap.
279 1973 298 2039 J
305 1973 374 2042 uris
401 1990 522 2043 autem
537 1973 671 2069 Belgici
690 1970 878 2068 dispositio
897 1968 1005 2066 plane
1024 1991 1120 2040 con-

158 2095 330 2155 sentanea
344 2098 397 2155 est
412 2090 490 2181 *legi
510 2084 562 2154 16.
581 2085 601 2176 ἓ
617 2109 650 2157 2.
658 2081 715 2182 ff
722 2085 765 2154 de
782 2085 872 2152 Ritu
891 2083 1005 2173 Nupt.
1027 2105 1124 2154 con·.

157 2189 215 2288 jus
231 2190 343 2262 verba
369 2208 478 2264 sunt:
503 2224 522 2262 n
545 2189 650 2263 furor
662 2191 828 2264 contrahi
848 2190 1124 2264 matrimonium

157 2334 177 2375 s
206 2329 284 2378 non
301 2305 403 2395 sinit,
423 2307 509 2407 quia
526 2329 707 2380 consensu
720 2329 814 2405 opus
826 2318 892 2377 est.
916 2333 939 2370 »

603 2483 681 2580 §5-

159 2650 214 2724 De
225 2673 399 2725 consensu
415 2674 553 2735 eorum,
572 2670 723 2747 quorum
738 2647 957 2719 auctoritatis
976 2646 1014 2714 in
1028 2665 1123 2739 nup-

306 2769 362 2830 tiis
374 2762 622 2832 contrahendis
638 2766 730 2834 ratio
740 2777 792 2835 est
803 2759 983 2845 habenda.

208 2918 351 2992 Liberis
365 2917 545 3015 legitimis·
556 2916 621 3016 qui
632 2939 769 2986 annum
781 2914 893 2986 aetatis
907 2912 1122 2994 vicesimum
1161 2933 1164 2938 ·

157 3035 330 3134 quintum
357 3030 522 3106 nondum
547 3028 813 3132 impleverunt,
854 3025 1127 3101 matrimonium

160 3149 255 3221 inire
271 3173 345 3218 non
359 3147 461 3232 licet,
475 3146 543 3218 nisi
557 3160 663 3217 antea
674 3142 881 3244 rogaverint
904 3167 1127 3223 consensum

162 3259 272 3360 patris
299 3273 334 3331 et
357 3258 490 3329 matris.
515 3259 592 3331 Hac
618 3273 739 3330 autem
767 3255 989 3329 voluntatem
1023 3280 1125 3328 suam

161 3398 239 3446 non
255 3369 482 3458 declarante,
496 3386 557 3444 aut
575 3398 596 3441 a
613 3386 715 3472 patre
731 3369 978 3456 dissentiente,
999 3369 1127 3440 sufficit

163 3509 361 3558 consensus
391 3483 516 3580 patris,
545 3484 609 3583 qui
627 3499 749 3557 tamen
765 3483 836 3556 hoc
853 3507 958 3568 casu,
985 3480 1060 3551 sive
1087 3478 1125 3551 in

163 3598 405 3671 instrumento
417 3593 464 3666 ad
476 3621 695 3669 consensum
705 3621 809 3669 suum
822 3589 1126 3682 manifestandum

161 3713 352 3800 confecto,
382 3712 454 3784 sive
479 3737 605 3784 coram
624 3711 832 3810 magistratu
860 3721 968 3780 status
986 3705 1126 3795 civilis,

163 3824 349 3937 declarare
362 3822 481 3914 debet,
493 3849 711 3897 consensum
723 3822 846 3894 matris
860 3845 936 3892 esse
947 3833 1127 3921 rogatum.

166 3941 226 4011 Sin
242 3964 329 4025 vcro
343 3952 616 4039 patermortuus
632 3952 700 4026 est,
713 3951 775 4009 aut
786 3933 1009 4007 voluntatem
1025 3958 1127 4007 suam

166 4053 357 4129 declarare
387 4055 747 4153 nequit‚·couseusus
765 4047 902 4122 «matris
928 4046 1131 4131 necessario
