2596 4724
621 313 749 408 (33)
887 345 931 411 q·
963 378 967 383 .

189 452 356 540 parentes
374 459 452 514 non
470 456 624 541 possunt
645 438 904 515 ratihabitione
929 438 1066 514 liberos
1084 439 1167 542 pri·

187 579 272 627 vare
292 554 454 643 actione,
474 553 789 652 quemadmodum
813 570 916 628 tutor
940 583 1017 629 non
1047 572 1166 658 potest
1237 626 1243 633 ,

188 681 435 765 postestatem
466 664 648 763 majorem
672 665 802 769 pupilli
817 667 1044 742 *ratihabere
1074 695 1169 744 con-

186 794 360 871 tractum,
381 768 457 883 qino
472 767 531 855 hie
547 782 670 854 minor
682 807 721 854 se
737 781 815 855 sine
828 781 941 882 ipsius
952 784 1168 855 auctoritate
1196 858 1201 869 ,
1230 818 1234 828 ·

131 971 142 995 ⁵
190 891 375 994 obligavit.
409 896 619 968 .Posteriori
657 909 780 966 autem
818 919 905 968 casu
943 891 1051 965 liberi
1088 897 1174 967 non¹
1274 985 1275 988 Ἴ

189 1021 342 1106 possunt
358 1007 529 1082 invocare
556 1007 792 1082 omissionem
822 1006 947 1098 officii,
968 1007 1170 1111 praescripti

152 1177 157 1184 .
189 1119 228 1189 in
261 1117 426 1194 favorem
459 1119 622 1215 alterius,
655 1123 915 1220 actionemque
947 1121 1111 1193 nancisci
1144 1148 1165 1194 a

189 1232 340 1333 propria
374 1248 438 1306 sua
475 1232 723 1304 irreverentia.
765 1233 869 1329 Conf·
910 1235 1085 1329 Respons.
1120 1234 1172 1306 ad

192 1347 375 1423 Obserrut.
395 1360 464 1419 art.
490 1345 550 1419 65.

238 1489 305 1562 Hae
319 1504 402 1562 sunt
414 1488 521 1588 igitur
539 1513 677 1578 causoe,
693 1489 1049 1568 curmatrimonium
1060 1491 1174 1591 possit

190 1601 334 1675 nullum
352 1602 560 1690 declarari;
581 1602 637 1676 hae
664 1616 750 1676 'sunt
768 1627 951 1701 personae,
974 1630 1056 1704 quae
1079 1632 1173 1707 gau-

190 1713 278 1788 dent
292 1712 464 1789 facultate
480 1713 571 1785 illud
589 1713 749 1812 petendi.
770 1715 805 1785 Si
825 1741 914 1810 vero
930 1715 1007 1790 aliis
1026 1719 1171 1793 casibus

191 1842 322 1901 contra
335 1826 603 1926 ‘dispositiones
622 1826 721 1897 circa
740 1827 1015 1899 matrimonium
1034 1831 1174 1902 consti·

168 1957 310 2030 tutas,
346 1939 484 2041 aliquid
518 1953 641 2011 actum
674 1938 741 2026 sit,
773 1962 849 2010 non
877 1937 1030 2036 quidem
1061 1942 1172 2018 nullae

192 2055 426 2129 declarantur
441 2055 587 2156 nuptiae,
600 2050 664 2125 sed
676 2051 904 2153 magistratus
917 2055 1028 2128 status
1043 2056 1171 2148 civilis,

191 2185 227 2243 et
242 2172 329 2270 ipsae
356 2183 476 2267 partes
500 2181 654 2269 possunt
684 2165 926 2242 condemnari
957 2168 1004 2243 ad
1019 2198 1171 2273 poenas,

191 2299 282 2384 quas
301 2282 426 2358 Codex
439 2281 644 2353 Criminalis
663 2280 718 2352 his
731 2279 778 2354 de
794 2264 907 2354 relius
928 2297 1077 2375 statuet,
1092 2290 1170 2364 Art.

191 2398 250 2496 73.
266 2399 377 2468 Casus
389 2409 527 2482 autem,
546 2392 681 2492 quibus
700 2391 772 2463 hoc
791 2391 960 2467 accidere
981 2413 1114 2495 potest,
1133 2403 1171 2475 hi

130 2573 135 2578 .
191 2508 271 2583 fere
290 2521 397 2582 sunt:

247 2674 291 2729 1⁰.
318 2642 354 2726 Si
393 2653 531 2727 femina
558 2677 697 2725 novum
726 2638 1003 2724 matrimonium
1031 2649 1176 2727 iniverit

193 2785 279 2845 ante
297 2769 375 2843 dies
393 2782 579 2840 trecentos
595 2781 679 2866 post
690 2763 970 2838 dissolutionem
981 2765 1124 2865 prioris;

243 2936 292 2994 2⁰.
318 2900 352 2989 Si
368 2914 474 2988 liberi
485 2914 636 3016 legitimi
652 2912 711 2988 vel
722 2907 904 2987 naturales
923 2913 1028 2988 annis
1044 2914 1175 2992 XXIII

195 3036 377 3120 minores,
403 3028 656 3104 deficientibus
679 3030 753 3117 iis,
782 3054 945 3128 quorum
969 3054 1171 3105 consensus

194 3136 464 3252 requirebatur,
472 3147 550 3219 sine
562 3145 670 3226 venia
678 3142 808 3244 judicis
821 3139 1018 3229 inferioris,
1026 3144 1172 3243 nuptias

198 3552 366 3637 parentum
380 3548 615 3611 matrimonium
633 3546 714 3606 inire
729 3543 869 3628 possint,
886 3554 990 3605 tamen
1007 3539 1091 3601 huuc
1106 3555 1179 3599 con-

196 3672 321 3714 sensum
339 3668 465 3730 semper
478 3665 590 3728 rogare
604 3644 731 3707 debent.
746 3643 823 3704 Jure
837 3643 935 3704 etiam
956 3641 1116 3711 Romano,
1132 3634 1176 3713 ii,

197 3768 335 3830 quorum
362 3748 393 3806 in
419 3753 575 3828 potestate
601 3741 693 3804 liberi
721 3749 828 3816 erant,
856 3740 888 3800 iu
917 3757 1029 3798 eorum
1055 3733 1179 3817 nuptias

179 3844 373 3907 'consentire
390 3833 565 3914 debebant,
582 3833 654 3902 toni
665 3849 798 3921 propter
817 3835 954 3921 patriam
970 3841 1178 3917 potestatem,

143 3972 145 3977 ·
196 3949 265 4009 tum
281 3950 319 4002 ue
334 3939 432 4001 invito
445 3961 518 4001 suus
533 3938 626 4000 heres
649 3944 845 4020 agnoscatur.
871 3932 903 3999 V
901 3933 944 3995 td.
974 3953 1022 4015 pr.
1042 3929 1121 3992 lust.
1137 3927 1183 3996 ds*

195 4037 378 4121 Napata.
395 4035 433 4117 ff.
448 4037 486 4098 de
503 4037 574 4101 Ritu
587 4035 682 4112 Nupt·
793 4056 794 4059 ’
989 4119 1022 4192 G
