2596 4724
537 370 664 465 (77)

116 492 220 566 Ratio
256 489 478 565 discriminis
510 507 580 577 est,
614 490 714 590 quod
734 519 845 566 nemo
874 492 980 564 heres
1010 517 1088 565 esse

115 621 251 703 potest,
272 604 341 677 nisi
355 619 522 704 tempore
539 605 666 678 mortis
685 603 779 704 ejus,
797 604 843 678 de
862 603 966 705 cujus
983 604 1090 677 liere-

116 718 228 795 ditate
246 720 378 822 agitur,
402 722 440 792 in
454 721 543 794 vivis
560 719 616 792 sit.

565 915 643 1013 §t

44 1152 47 1160 ·
113 1112 167 1184 De
184 1113 432 1190 donationibus
450 1138 529 1216 quse
539 1112 686 1207 futuras
701 1110 933 1212 conjugibus,
955 1111 1090 1183 tiberis-

161 1254 230 1325 que
247 1255 299 1302 ex
325 1258 450 1305 eorum
476 1232 701 1302 matrimonio
724 1233 914 1301 nascituris
941 1226 987 1299 ab
1010 1231 1090 1297 aliis

151 1341 267 1434 fiunt.

159 1535 295 1626 Quarta
322 1538 484 1640 denique
502 1539 610 1642 hujus
636 1540 741 1614 titulo
761 1545 868 1614 sectio
898 1535 945 1609 de
965 1534 1088 1609 dona-

111 1647 273 1724 tionibus
293 1652 381 1753 agit,
398 1679 482 1756 qnae
499 1654 630 1727 futuris
646 1653 866 1755 conjugibus
883 1676 1089 1752 eorumque

109 1757 234 1834 liberis
262 1768 456 1837 nascituris
485 1765 577 1838 liunt
603 1767 650 1836 ab
677 1769 768 1838 aliis.
794 1770 952 1839 Possunt
979 1766 1089 1862 igitur

110 1902 241 1951 omnes
270 1881 312 1968 ii,
344 1883 406 1981 qui
425 1880 600 1954 facultate
619 1879 781 1978 gaudent
810 1878 857 1951 dc
884 1877 995 1949 bonis
1014 1877 1088 1948 suis

110 1986 227 2062 liberie
260 1991 500 2094 disponendi,
529 1994 610 2070 sive·
622 2006 814 2065 contractu
829 1989 997 2090 nuptiali,
1014 1989 1090 2062 sive

111 2100 354 2180 instrumento
374 2105 567 2206 peculiari,
590 2121 673 2178 ante
694 2103 969 2181 matrimonium
985 2102 1090 2174 celc-

110 2217 256 2292 bratum
269 2238 304 2296 et
320 2238 473 2320 propter
486 2221 575 2295 illud
588 2248 716 2295 coram
732 2221 886 2294 Notario
903 2208 1089 2313 confecto,

112 2334 294 2432 quaslibet
326 2335 458 2405 futuris
475 2334 697 2431 conjugibus
713 2332 835 2405 faeere
850 2330 1088 2420 donationes,

110 2445 207 2516 salva
233 2472 362 2519 carum
389 2444 626 2536 reductione,
653 2446 682 2518 si
702 2446 932 2546 portionem,
949 2444 996 2517 de
1017 2473 1091 2544 qua

108 2555 254 2656 disponi
286 2574 426 2660 potest,
448 2557 637 2632 excedant.
668 2559 747 2632 Art.
780 2556 839 2630 35.
868 2557 991 2648 Quum
1020 2557 1088 2633 hac

107 2671 327 2747 donationes
342 2688 531 2749 contractu
545 2671 697 2773 nuptiali
709 2671 816 2744 facta
830 2669 928 2759 sunt,
947 2669 1087 2762 valent,

107 2786 250 2859 etiamsi
283 2786 557 2888 nonexpresse
588 2788 660 2860 sint
691 2802 905 2887 acceptatae3
938 2785 967 2858 si
998 2811 1088 2859 vero

105 2899 355 2975 instrumento
368 2901 552 3003 peculari,
577 2901 721 2983 nullum
738 2900 913 2977 effectum
932 2899 1086 2991 habent,

106 3016 184 3089 sine
205 3018 458 3118 acceptatione
477 3019 657 3118 expressa.
673 3019 757 3091 Art.
777 3017 836 3090 36.

154 3178 259 3251 Ratio
290 3177 512 3253 discriminis
546 3189 619 3266 est,
658 3175 762 3275 quod
791 3173 968 3277 conjuges
998 3200 1088 3250 con·

102 3304 278 3380 tractum,
304 3317 381 3392 quo
405 3291 557 3365 donatio
576 3292 788 3366 continetur
813 3291 1085 3369 subscribendo

63 3427 66 3432 ·
102 3421 138 3479 et
168 3405 420 3480 celebratione
446 3392 670 3478 matrimonii
702 3406 979 3497 confirmando,
1002 3435 1086 3484 eam
1178 3479 1180 3483 .

106 3519 347 3594 donationem
379 3531 585 3621 acceptasse
601 3536 815 3612 censentur,
835 3547 921 3594 cum
944 3547 965 3593 e
991 3547 1087 3595 con-

101 3636 215 3710 trario
250 3661 381 3711 eorum
406 3639 611 3738 acceptatio
639 3636 779 3710 enulla
806 3661 847 3709 re
872 3651 1033 3723 constat,
1054 3637 1085 3709 si

103 3745 254 3823 donatio
285 3746 381 3823 facta
408 3748 452 3822 sit
483 3749 659 3849 peculiari
693 3751 959 3837 instrumento,
979 3748 1098 3850 cujus.
1143 3812 1147 3821 .

102 3858 257 3935 fortasse
277 3863 452 3966 conjuges
472 3864 588 3967 ignari
615 3878 735 3954 crant3
756 3860 857 3935 rectia
872 3865 984 3965 igitur
1008 3864 1082 3939 hoc

100 3973 231 4047 ultimo
252 4001 338 4051 casu
363 4004 495 4054 eorum
525 4003 696 4079 expressa
725 3978 932 4078 acceptatio
959 3978 1086 4083 requi-

102 4088 210 4164 ritur.
