2596 4724
508 387 523 479 (
554 392 660 489 109)

97 526 164 586 test
183 528 307 587 tamen
325 538 416 588 uxor
431 513 604 587 remediis
624 517 697 602 uti,
712 517 847 616 quibus
869 535 1066 617 praeverta-

95 639 155 697 tur
183 625 385 700 subtractio
418 628 623 717 bonorum,
645 654 727 728 quoe
758 630 827 729 ipsi
860 618 1070 729 competere

94 740 253 836 possint;
265 740 430 842 nullique
445 757 530 816 sunt
543 767 672 817 omnes
686 757 784 817 actus
797 744 927 833 mariti,
937 743 1071 844 quibus

92 851 176 950 jura
208 855 330 927 uxoris
363 883 408 928 ex
441 855 617 931 industria
641 858 870 930 minuuntur.
905 860 986 930 Art.
1017 880 1068 929 12.

93 969 270 1059 Quaenam
296 987 418 1046 autem
445 972 606 1046 remedio
632 973 755 1046 uxoris
782 973 903 1045 futura
924 974 1011 1059 sint,
1033 973 1070 1045 in

93 1079 231 1156 Codice
248 1087 291 1159 dc
307 1085 470 1160 methodo
481 1088 696 1183 procedendi
710 1092 747 1158 in
760 1092 876 1159 causis
891 1089 1066 1173 ctotttbus,

91 1211 278 1273 statuetur.
309 1204 345 1274 V
342 1203 390 1274 td.
409 1204 585 1296 Respons.
600 1203 648 1273 ad
666 1200 799 1279 observ.
814 1202 849 1275 d.
870 1215 935 1273 art.
959 1225 1013 1273 12.

139 1373 390 1473 Exstinguitur
406 1374 502 1447 actio
514 1374 682 1449 divortii:

143 1552 187 1608 1⁰.
216 1537 533 1612 Reconciliatione
554 1535 771 1639 conjugum,
793 1538 867 1617 sive
887 1537 964 1610 haec
985 1563 1073 1611 eve·

88 1652 202 1741 uerit,
215 1669 418 1755 postquam
433 1654 526 1728 alter
539 1653 677 1753 conjux
691 1651 976 1754 factacognovit,
990 1678 1072 1753 quae

88 1763 157 1863 ipsi
174 1763 388 1836 facultatem
415 1760 598 1837 actionem
617 1763 762 1836 divortii
791 1767 963 1836 adversus
980 1767 1072 1838 alte·

87 1901 173 1947 rum
191 1874 355 1975 petendi,
372 1872 537 1947 tribuere
552 1873 767 1972 potuissent,
786 1875 860 1946 sive
878 1889 1072 1974 postquam

89 1989 166 2062 haec
193 1990 291 2063 actio
317 1989 392 2090 jam
414 2004 468 2065 est
494 1988 673 2061 inchoata.
698 1989 777 2060 Art.
809 1988 861 2058 13.
882 1989 1073 2062 Praesumit

88 2116 211 2176 autem
241 2100 301 2176 lex
327 2102 669 2178 reconciliationem
703 2100 882 2191 adfuisse,
919 2104 1070 2205 quando

89 2219 244 2292 maritus
271 2234 307 2292 et
331 2245 425 2292 uxor
449 2245 575 2292 secum
593 2216 854 2304 habitaverint,
875 2230 1072 2319 postquam

87 2329 165 2402 haec
182 2329 415 2400 domicilium
425 2351 624 2398 commune
637 2325 851 2423 reliquerat.
874 2331 908 2399 d.
921 2344 988 2400 ort.
1014 2332 1068 2401 13.

13 2477 17 2488 ·
86 2448 270 2544 Rogatum
289 2442 567 2517 estasectione
581 2440 740 2542 quadam
757 2441 941 2516 Ordinum
962 2450 1068 2541 gene·
1155 2439 1158 2444 ’

85 2558 235 2647 salium,
248 2584 314 2631 cur
326 2571 467 2630 tantum
478 2556 748 2630 cohabitationis
760 2612 769 2643 ,
781 2569 958 2654 tanquam
972 2555 1069 2653 signi

89 2671 405 2744 reconciliationis
435 2672 575 2744 mentio
602 2670 679 2759 fiat,
705 2695 829 2768 neque
862 2669 908 2741 de
938 2670 1070 2742 ceteris

85 2784 206 2857 modis
221 2799 358 2885 agatur,
379 2783 512 2884 quibus
532 2783 716 2857 haedere
732 2798 900 2858 constare
920 2797 1040 2884 potest
1056 2785 1070 2856 ἲ

85 2900 313 2999 Responsum
325 2912 390 2987 est,
407 2897 493 2998 quia
505 2897 729 2971 cohabitatio
740 2896 1071 2998 signaminduhita·

87 3011 165 3086 bile
184 3011 350 3099 videtur,
363 3038 439 3111 quo
453 3012 556 3110 quasi
573 3012 780 3084 excluditur
794 3011 965 3108 probatio
984 3037 1071 3082 con·

85 3125 219 3225 traria,
239 3139 274 3198 et
290 3121 444 3211 factum,
467 3120 569 3221 quod
590 3146 736 3219 semper
754 3118 906 3219 probari
925 3116 1062 3220 potest,
1176 3197 1180 3201 ,
1234 3103 1236 3108 ¹

85 3264 171 3312 cum
197 3237 310 3310 ceteri
333 3233 464 3309 contr-a
490 3232 592 3305 modi
624 3230 808 3333 probandi
837 3231 951 3333 magis
985 3233 1061 3313 sint

87 3353 270 3454 ambigui,
293 3367 401 3451 atque
425 3348 599 3424 difficiles.
625 3351 704 3422 Vid.
726 3351 897 3445 Respons.
919 3351 976 3421 od.
999 3350 1066 3422 ob-

81 3494 172 3545 serv.
189 3470 223 3542 d.
239 3481 307 3540 art.
329 3466 381 3538 13.
403 3463 549 3562 Coniux
566 3479 711 3552 autem,
728 3464 792 3565 qui
811 3478 965 3564 propter
976 3487 1064 3537 cou-

82 3608 139 3655 sas
158 3578 243 3685 pos't
262 3576 613 3654 reconciliationem
627 3592 742 3687 ortas,
763 3602 898 3650 novam
915 3574 1067 3648 instituit

83 3693 231 3766 divortii
263 3691 463 3781 actionem,
491 3688 774 3790 adpetitionem
798 3714 901 3763 suam
926 3715 1065 3792 urgen-

49 3833 52 3838 ·
85 3807 188 3896 dam,
205 3807 366 3907 pristinis
381 3804 491 3881 etiam
510 3807 627 3881 causis
643 3807 695 3879 uti
715 3816 844 3906 potest.
861 3805 940 3880 Art.
963 3807 1014 3899 ¹4·

135 3997 183 4054 2⁰.
210 3981 330 4084 Morte
348 3985 562 4061 alterutrius
579 3984 745 4084 conjugis
765 4001 848 4058 ante
866 3986 1064 4065 divortium

84 4093 378 4199 pronunciatum.
393 4099 472 4172 Art.
501 4125 554 4200 ¹7·
572 4097 702 4201 Neque
722 4113 935 4203 propterea,
961 4106 1064 4205 quod
