2596 4724
506 319 685 378 rnnrnstoz
1014 296 1062 403 ti}

109 428 180 515 ries
197 438 468 518 definitionibus
485 447 706 545 explicatur,
727 442 794 517 alia
811 470 888 518 non
907 445 1065 546 explica*

108 579 189 660 tur,
226 587 262 643 et
294 570 383 658 ubi,
420 568 523 642 verbi
557 568 693 669 gratia,
727 568 978 669 dispositiones
1014 572 1061 646 de

104 700 276 796 gradibus
292 705 504 800 cognationis
518 713 553 772 et
564 697 762 798 finitatis,
780 722 861 796 quoe
877 712 975 769 certe
989 698 1066 797 jam

106 823 153 896 ed
186 841 316 899 statum
346 851 583 929 personarum
615 827 818 926 pertinent,
843 825 997 925 ideoque
1025 830 1064 901 in

107 930 203 1026 libro
234 957 352 1054 primo
385 956 557 1037 collocari
587 954 810 1043 debuissent,
843 953 990 1028 demum
1025 956 1064 1029 in

103 1076 199 1154 libro
219 1083 342 1174 tertio,
364 1086 556 1160 occasione
569 1087 857 1172 successionum,
873 1111 941 1184 per
957 1100 1063 1157 tran-

10 1220 15 1231 '
103 1229 254 1280 sennam
273 1211 516 1283 inveniuntur.

151 1388 348 1482 Postquam
363 1387 470 1484 igitur
488 1385 563 1455 Rex
576 1379 715 1455 dictum
726 1380 924 1482 specimen,
943 1383 981 1452 in
997 1395 1065 1457 col·

107 1515 210 1607 legin,
225 1507 327 1609 quod
344 1510 453 1583 Rood
462 1535 533 1581 nnn
545 1511 640 1582 State
656 1509 798 1597 dicitur,
808 1510 1061 1600 examinatum,

104 1657 141 1716 et
162 1671 183 1714 a
200 1643 285 1716 viris
302 1640 537 1740 quibusdem,
558 1636 690 1738 quibus
709 1635 853 1738 praefuit
879 1639 935 1709 vir
952 1665 1061 1739 spec-

99 1773 293 1844 tatissimus
305 1797 375 1844 vsu
391 1772 539 1844 Miluus
551 1827 559 1856 ,
572 1772 736 1842 Minister
749 1771 781 1838 J
780 1775 921 1856 ustitia),
935 1770 1059 1868 paullo

70 1896 73 1901 ’
101 1892 571 1991 mutatum,comprobasset
580 1907 685 1986 atque
694 1888 892 1960 Ordinibus
903 1916 1061 1987 genera-

101 2016 199 2090 libus
210 2017 443 2105 submisisset,
458 2013 545 2087 vidit
558 2015 595 2085 in
607 2013 676 2087 hoc
692 2013 845 2113 collegio
862 2017 1059 2091 sententias
1112 2033 1114 2037 ’

98 2148 144 2220 de
156 2149 335 2248 primariis
348 2147 436 2246 juris
445 2144 631 2247 principiis
645 2145 799 2217 multum
814 2174 833 2217 a
849 2172 886 2218 se
902 2146 1057 2221 invicem

99 2281 324 2382 discrepare,
345 2280 558 2379 censuitque
579 2278 708 2352 harum
731 2277 955 2349 diversarum
973 2281 1057 2377 opi·-

62 2409 252 2482 ·nionum
279 2407 448 2479 effectum
475 2404 573 2492 fore,
597 2419 638 2476 ut
668 2403 797 2502 integri
825 2403 917 2474 tituli
943 2405 1058 2478 omitti

71 2626 73 2630 p
96 2534 156 2608 vel
181 2524 312 2606 mutari
335 2524 533 2619 deberent,
560 2547 673 2630 utque
704 2532 754 2600 ita
779 2529 825 2601 de
849 2543 926 2600 toto
952 2529 1059 2625 simul

98 2690 213 2766 opere
226 2690 302 2737 non
318 2661 511 2735 deliberari
530 2675 661 2759 posset.

21 2921 24 2926 Ι
147 2837 278 2926 Itaque
292 2836 390 2899 uirus
408 2829 587 2925 quosdam
605 2825 804 2898 nominavit
821 2824 885 2923 (⁴),
906 2828 970 2929 qui
989 2833 1059 2930 pri.

142 3169 183 3250 (³³)
203 3168 298 3230 Initio
312 3167 346 3227 hi
360 3167 420 3231 viri
436 3167 563 3229 fuerunt
578 3169 785 3234 nobilissimus
800 3174 829 3235 J.
844 3175 884 3236 H.
898 3175 1056 3250 Mutuus,

99 3280 243 3366 collegii,
267 3281 353 3365 quod
374 3265 468 3343 Hand
488 3305 555 3344 oon
577 3282 660 3346 State
685 3285 813 3360 dicitur,
837 3299 907 3371 post
926 3272 1056 3372 Regem,
1134 3286 1138 3293 ’

98 3395 176 3458 aiter
190 3415 315 3476 praeses,
328 3393 517 3454 clarissimus
533 3392 676 3476 Kemper,
689 3398 916 3459 consultissimi
928 3399 1058 3460 Nicoln‘z'

96 3508 130 3571 V
127 3531 169 3569 au
184 3508 418 3588 Crombruggire,
437 3506 608 3570 Membrede
622 3519 653 3570 et
670 3510 857 3588 Gendebien,
873 3512 1005 3596 delegati
1020 3513 1061 3574 ud

98 3619 231 3684 Ordines
252 3621 426 3704 generales,
449 3634 481 3684 et
502 3625 635 3700 Raoux,
663 3628 860 3688 consiliarius
877 3628 980 3708 regius
1004 3628 1063 3705 (tid

94 3759 161 3796 nnn
180 3737 241 3800 den
260 3736 357 3798 Raad
375 3756 439 3797 von
463 3737 577 3819 State),
593 3739 722 3822 quibus,
747 3750 903 3821 tamquam
926 3741 965 3800 ab
986 3745 1063 3803 actis

94 3844 232 3927 adjuncti
256 3858 327 3910 sunt
355 3851 446 3936 Pater
472 3859 632 3923 meus,·et
662 3849 892 3913 referendarius
920 3849 1054 3928 laubry.

62 3988 65 3993 ·
90 3958 202 4022 Posses
222 3960 298 4025 reri)
318 3959 394 4024 dicti
412 3955 579 4024 virtitute
595 3983 645 4024 rus
665 3972 702 4026 ⁴et
721 3961 912 4038 Gendcbien,
937 3984 954 4021 a
977 3964 1058 4043 Rege

873 4057 914 4129 B.
