2596 4724
281 477 330 550 3⁰.
356 476 391 550 Si
422 503 481 551 res
509 475 689 578 quasdam
721 477 991 552 communionis
1022 473 1201 551 subtraxit

232 606 295 664 aut
307 591 448 679 celavit;
468 607 556 666 tunc
574 592 673 664 enim
693 591 996 666 communionem
1011 607 1200 692 acceptare

231 706 394 806 cogitur,
422 705 509 780 licet
538 703 614 803 jam
645 705 933 794 renunciaverit,
964 704 1136 805 idemque
1153 703 1200 776 de

230 816 425 891 heredibus
445 818 567 891 uxoris
585 831 639 891 est
658 814 867 890 dicendum.
888 819 962 890 Art.
982 818 1040 911 45.

274 975 443 1048 Vidimus
457 973 620 1048 sectione
636 974 878 1074 praecedenti,
894 989 1090 1076 postquam
1104 999 1204 1049 com-

227 1090 355 1162 munio
370 1094 592 1187 separatione
610 1088 796 1162 bonorum*
812 1101 865 1163 est
892 1089 1087 1177 dissoluta,
1108 1087 1204 1162 hanc

117 1216 118 1220 ’
228 1190 500 1299 separationem
527 1199 667 1272 nullam
694 1226 791 1288 esse,
818 1200 888 1273 nisi
917 1200 1011 1272 intra
1037 1218 1205 1274 mensem

172 1347 176 1358 ¹
229 1341 323 1390 uxor
341 1343 362 1386 a
379 1317 513 1389 marito
532 1316 695 1417 petierit,
715 1315 818 1416 quod
833 1314 913 1416 jure
928 1314 997 1388 sibi
1016 1312 1203 1414 competit.

229 1435 282 1532 cf.
304 1448 414 1529 arcp
448 1435 515 1506 Tit.
548 1433 632 1504 VII.
666 1430 773 1503 Nunc
802 1431 909 1529 igitur
938 1428 1127 1504 videamus
1155 1426 1210 1500 de'

228 1557 407 1643 tempore,
433 1542 537 1642 quod
565 1541 672 1614 uxori
692 1540 739 1613 ad
770 1540 1052 1614 deliberandum
1077 1539 1203 1614 datum

229 1671 298 1744 est,
323 1682 411 1729 cum
429 1653 642 1726 communio
661 1668 773 1725 morte
795 1654 913 1723 mariti
930 1667 984 1724 est
1015 1651 1203 1726 dissolutas

229 1765 278 1838 Et
295 1763 449 1866 quidem
467 1764 562 1836 intra
576 1778 650 1836 tres
666 1788 810 1836 menses
820 1764 1088 1865 computandos
1099 1762 1205 1854 adie,

228 1903 313 1980 quo.
328 1890 495 1951 mortuus
522 1888 576 1949 est
593 1875 767 1963 maritus,
793 1874 905 1948 debet
932 1900 1026 1949 uxor
1055 1901 1202 1966 curare,

230 2010 271 2069 ut
286 1991 503 2069 conficiatur
523 1991 768 2064 inventarium
783 1991 949 2062 omnium
967 2015 1092 2063 rerum
1107 2015 1206 2065 com·

228 2106 434 2192 munionis,
456 2102 669 2177 convocatis
692 2104 811 2175 mariti
829 2102 1025 2176 heredibus
1054 2131 1139 2178 eum
1163 2107 1205 2177 in
1257 2093 1262 2097 ’

227 2219 358 2303 finem,
375 2229 416 2286 ut
433 2213 689 2286 contradicere
702 2213 842 2312 possint
859 2240 867 2299 ;
889 2212 1073 2312 debetque
1091 2216 1204 2290 etiam

226 2332 503 2415 uxorassirmare
515 2327 587 2401 hoc
600 2326 858 2411 inventarium,
871 2338 1065 2426 postquam
1075 2353 1203 2402 coram

229 2470 387 2548 persona
403 2443 550 2546 publica
567 2443 732 2516 clausum
747 2456 817 2530 est,
849 2467 979 2515 verum
998 2459 1202 2544 essentque
1219 2472 1223 2478 ’

227 2562 424 2637 sincerum.
435 2561 516 2630 Art.
532 2555 589 2648 41.
612 2558 680 2627 Tit.
700 2556 736 2626 V
732 2555 764 2626 I.
784 2553 902 2625 Porro
921 2553 1015 2624 intra
1030 2569 1103 2628 tres
1120 2557 1203 2631 ilios

226 2669 371 2755 menses
388 2689 422 2753 et
440 2671 681 2773 quadraginta
698 2670 847 2768 insuper
860 2669 959 2753 dies,
977 2670 1015 2740 in
1031 2671 1201 2770 Grapheo

196 2810 198 2815 ·
225 2786 450 2873 Tribunalis,
473 2783 542 2857 sub
566 2783 671 2881 cujus
687 2780 939 2879 jurisdictione
957 2783 1113 2874 maritus¹
1129 2783 1203 2859 do-

225 2894 404 2965 micilium
422 2892 572 2977 habuit,
598 2893 787 2963 declarare
806 2890 939 2978 debet,
967 2919 1006 2967 se
1033 2921 1203 2980 commu.

225 3005 329 3078 nioni
347 3003 579 3078 renunciare.
600 3003 681 3075 Art.
699 3001 759 3094 42.
778 3002 902 3077 Potest
922 3018 1046 3078 tamen
1066 3036 1160 3083 uxor
1178 3040 1202 3085 a
1252 3056 1258 3076 s

224 3115 399 3190 tribunali
418 3102 623 3188 secundum
640 3113 884 3189 differentiam
898 3142 1089 3192 causarum
1107 3121 1201 3197 dila-

224 3231 367 3312 tionem
392 3226 500 3328 hujus
526 3228 701 3329 temporis
730 3239 883 3328 petere„
899 3256 981 3330 quae
1005 3230 1149 3324 dilatio,
1168 3236 1200 3311 si

223 3339 328 3441 justae
345 3364 461 3434 causae
482 3336 616 3428 adsint,
637 3340 918 3442 pronuncianda
937 3357 1007 3432 est,
1027 3344 1095 3419 rite
1111 3372 1199 3421 con-

201 3548 202 3551 *
223 3451 362 3542 vocatis
375 3449 495 3523 mariti
508 3451 717 3542 heredibus,
729 3468 769 3526 ut
782 3455 1035 3532 contradicere
1046 3457 1196 3556 possint.

222 3569 303 3643 Art.
318 3567 377 3660 43.
398 3564 547 3665 Neque,
563 3566 592 3638 si
612 3567 706 3639 intra
733 3565 824 3639 illud
846 3584 989 3671 tempus
1010 3597 1103 3644 uxor
1117 3599 1197 3648 non

223 3677 505 3761 renunciaverit,
524 3701 674 3776 prorsus
692 3677 820 3751 amittit
838 3677 1049 3779 facultatem
1061 3702 1197 3755 renun-

152 3872 154 3877 ,
222 3779 366 3878 ciandi,
393 3789 859 3878 dummodoinventarium
879 3791 1101 3885 confecerit,
1122 3823 1202 3877 nec,

222 3903 475 3978 communioni
498 3930 536 3977 se
558 3903 813 3993 immiscuerit;
832 3904 898 3977 sed
916 3921 1054 4006 potest,
1072 3908 1193 3986 donec

222 4017 1194 4123 renunciat,conveniri,quasicommunionemaccep-
