2596 4724
585 363 714 461 ’(69)

158 488 363 563 bliothecas
383 505 417 562 et
434 488 673 564 collectiones
689 519 814 566 rerum
835 493 882 566 ad
900 509 996 567 artes
1018 493 1131 568 disci-

158 603 353 702 plinasque
381 604 670 702 pertinentium,
688 606 809 679 soluto
828 608 959 706 pretio,
976 631 1052 705 quo
1073 632 1133 678 res

159 717 233 790 illac
245 715 383 791 fuerint
397 719 592 795 aestimatae.
608 722 691 798 Art.
711 749 764 820 ¹7·
787 721 875 795 Haec
889 720 1076 822 dispositio
1096 721 1134 792 in

162 830 336 904 omnibus
361 829 440 905 scre
459 835 677 932 provinciis,
698 835 734 906 in
755 835 890 935 quibus
906 851 1012 908 antea
1031 860 1136 909 com-

160 945 289 1018 munio
308 947 519 1048 universalis
534 948 654 1022 locum
668 949 845 1035 babebat,
864 948 910 1020 ad
928 948 1036 1047 hujus
1052 974 1134 1050 sys-
1221 1022 1224 1027 ,

160 1076 259 1134 tema
273 1063 490 1163 pertinebat,
507 1064 683 1166 ideoque,
700 1091 785 1137 cum
799 1065 909 1138 etiam
923 1063 1033 1137 hodie
1047 1090 1134 1137 mo-

160 1174 263 1248 ribus
293 1181 427 1251 nostris
459 1193 495 1250 et
528 1177 856 1254 consuetudinibus
885 1191 1136 1250 consentanea

160 1288 220 1376 sit,
237 1291 402 1363 restituta
422 1305 494 1377 est,
516 1307 555 1362 ut
575 1288 831 1363 ita'satislieret
845 1287 1027 1362 desiderio
1047 1289 1134 1363 illo-

156 1425 259 1490 rum,
285 1404 349 1501 qui
372 1402 522 1504 aliquod
548 1404 580 1477 ei
600 1402 746 1504 pondus
766 1416 802 1478 et
820 1417 1051 1479 momentum
1064 1403 1136 1476 tri-

157 1511 329 1590 buerent.

204 1685 294 1754 Post
312 1681 527 1756 dissolutam
560 1684 865 1759 communionem
899 1691 1134 1762 universalem

156 1797 409 1893 unusquisque
452 1796 654 1895 conjugum
693 1814 840 1870 tenetur
878 1813 1020 1869 tantum
1064 1822 1134 1895 pro

156 1906 309 1978 dimidia
323 1923 427 2010 parte
441 1909 488 1982 de
504 1907 647 1998 debitis,
664 1924 781 1983 stante
797 1909 1033 1982 matrimonio
1049 1935 1137 1983 cou-

155 2019 297 2110 tractis,
333 2020 402 2097 nisi
434 2021 609 2095 alteruter
638 2047 676 2094 se
700 2022 752 2104 xin
782 2019 964 2120 majorem
991 2034 1135 2124 partem

157 2130 386 2233 obligaverit.
404 2137 484 2207 Art.
509 2134 562 2207 15.
583 2139 764 2234 Rogatum
788 2150 863 2224 est,
880 2161 1007 2208 nonne
1030 2134 1138 2208 statui

156 2243 327 2337 deberet,
347 2262 388 2319 ut
406 2261 562 2348 uterque
581 2247 719 2344 conjux
733 2255 769 2320 in
786 2251 938 2322 solidum
954 2248 1135 2349 obligatus

154 2373 323 2430 maneret
352 2359 496 2428 ratione
528 2356 749 2446 debitorum,
768 2374 883 2431 stante
898 2362 1136 2434 matrimonio

158 2470 469 2544 contractorum?
488 2471 717 2572 Responsum
743 2486 814 2560 est,
835 2470 1012 2572 quamdiu
1034 2470 1135 2548 bona

157 2587 429 2660 communionis
448 2585 617 2667 nondum
644 2583 759 2660 divisa
776 2602 883 2677 sunt,
911 2613 954 2661 ea
974 2584 1133 2685 obligata

157 2727 310 2774 manere
338 2698 599 2788 creditoribus,
620 2701 683 2773 sed
715 2699 894 2773 divisione
921 2697 1038 2788 facta,
1058 2723 1138 2772 nou

158 2812 341 2914 majorem
359 2840 506 2888 causam
523 2813 664 2903 adesse,
684 2839 753 2887 cur
771 2812 1136 2914 conjugeseorumve

157 2927 313 3003 heredes
343 2937 381 3003 in
397 2917 563 3004 solidum
596 2929 879 3018 conveniantur,
921 2954 1034 3028 quam
1060 2928 1134 3002 hoc

157 3044 302 3120 obtinet
328 3047 471 3139 ratione
498 3043 744 3131 coheredum,
771 3043 837 3142 qui
863 3043 1136 3118 successionem

156 3159 255 3232 inter
275 3184 314 3233 se
341 3157 564 3243 diviserunt,
585 3169 621 3230 et
651 3180 721 3257 pro
740 3160 839 3227 virili
871 3167 1013 3227 tantum
1031 3166 1135 3253 parte

156 3270 307 3370 obligati
319 3285 412 3344 sunt.
428 3271 504 3342 nid.
518 3271 679 3366 Respons
695 3266 886 3348 adohseru.
901 3282 969 3340 art.
984 3266 1036 3342 15.
1046 3266 1135 3345 Haec

157 3413 247 3459 vero
282 3383 473 3484 dispositio
503 3409 582 3457 non
611 3384 772 3481 pertinet
810 3383 857 3462 ad
888 3382 1010 3457 debita
1052 3397 1136 3459 ante

158 3499 305 3600 nuptias
319 3511 529 3590 contracta;
551 3496 597 3570 de
610 3495 665 3568 his
685 3497 784 3573 enim
801 3496 1136 3601 postcommunio*

160 3641 248 3686 nem
268 3611 482 3685 dissolutam
503 3625 651 3690 tenetur
673 3627 815 3685 tantum
831 3609 982 3709 conjux,
1008 3609 1072 3708 qui
1092 3634 1146 3683 ear
1185 3701 1187 3705 ι

159 3728 360 3816 contraxit,
380 3725 504 3826 ejusve
518 3725 671 3800 heredes
681 3749 695 3816 ,⁴
705 3728 805 3802 salvo
820 3751 986 3825 regressu
1001 3724 1136 3799 adver*

161 3865 222 3914 sus
255 3841 408 3919 alterum
436 3840 655 3942 conjugum,
682 3842 740 3919 vel
775 3838 853 3939 ejus
886 3838 1059 3926 heredes,
1088 3838 1135 3911 ad

159 3951 348 4031 dimidiam
367 3970 509 4054 partem
535 3953 783 4054 repetendam.
803 3953 883 4024 Art.
913 3954 967 4024 18.
993 3952 1134 4027 Verum

161 4065 315 4175 quidem
341 4081 411 4179 est,
437 4066 652 4160 creditores,
673 4064 934 4144 commuuione
961 4061 1133 4159 durante,
