<?xml version="1.0" encoding="UTF-8"?>
<!DOCTYPE html PUBLIC "-//W3C//DTD XHTML 1.0 Transitional//EN"
    "http://www.w3.org/TR/xhtml1/DTD/xhtml1-transitional.dtd">
<html xmlns="http://www.w3.org/1999/xhtml" xml:lang="en" lang="en">
 <head>
  <title>
</title>
<meta http-equiv="Content-Type" content="text/html;charset=utf-8" />
  <meta name='ocr-system' content='tesseract 3.04.00' />
  <meta name='ocr-capabilities' content='ocr_page ocr_carea ocr_par ocr_line ocrx_word'/>
</head>
<body>
  <div class='ocr_page' id='page_1' title='image "./dematrimoniosec00assegoog_0028.png"; bbox 0 0 2596 4724; ppageno 0'>
   <div class='ocr_carea' id='block_1_1' title="bbox 376 358 826 588">
    <p class='ocr_par' dir='ltr' id='par_1_1' title="bbox 376 358 826 588">
     <span class='ocr_line' id='line_1_1' title="bbox 594 362 643 433; baseline -0.102 0"><span class='ocrx_word' id='word_1_1' title='bbox 594 362 614 433; x_wconf 87' lang='lat'>3</span> <span class='ocrx_word' id='word_1_2' title='bbox 638 414 643 428; x_wconf 86' lang='lat'><strong>.</strong></span> 
     </span>
     <span class='ocr_line' id='line_1_2' title="bbox 376 358 826 588; baseline 0.013 -32"><span class='ocrx_word' id='word_1_3' title='bbox 376 483 531 559; x_wconf 74' lang='lat' dir='ltr'><strong>carun</strong></span> <span class='ocrx_word' id='word_1_4' title='bbox 551 358 826 588; x_wconf 61' lang='lat' dir='ltr'><strong>(sechrona.</strong></span> 
     </span>
    </p>
   </div>
   <div class='ocr_carea' id='block_1_2' title="bbox 118 647 1077 895">
    <p class='ocr_par' dir='ltr' id='par_1_2' title="bbox 118 647 1077 895">
     <span class='ocr_line' id='line_1_3' title="bbox 118 647 1077 761; baseline 0.001 -29"><span class='ocrx_word' id='word_1_5' title='bbox 118 649 185 733; x_wconf 87' lang='lat' dir='ltr'><strong>De</strong></span> <span class='ocrx_word' id='word_1_6' title='bbox 205 651 271 747; x_wconf 80' lang='lat' dir='ltr'><strong>iis,</strong></span> <span class='ocrx_word' id='word_1_7' title='bbox 293 678 381 761; x_wconf 80' lang='lat' dir='ltr'><strong>quoe</strong></span> <span class='ocrx_word' id='word_1_8' title='bbox 407 647 464 731; x_wconf 85' lang='lat' dir='ltr'><strong>od</strong></span> <span class='ocrx_word' id='word_1_9' title='bbox 498 652 791 731; x_wconf 77' lang='lat' dir='ltr'><em>matrimonium</em></span> <span class='ocrx_word' id='word_1_10' title='bbox 823 651 894 732; x_wconf 77' lang='lat' dir='ltr'><strong>att</strong></span> <span class='ocrx_word' id='word_1_11' title='bbox 921 669 1077 734; x_wconf 84' lang='lat' dir='ltr'><strong>contru-</strong></span> 
     </span>
     <span class='ocr_line' id='line_1_4' title="bbox 371 766 1071 895; baseline 0.001 -33"><span class='ocrx_word' id='word_1_12' title='bbox 371 778 540 862; x_wconf 82' lang='lat' dir='ltr'><strong>bendum</strong></span> <span class='ocrx_word' id='word_1_13' title='bbox 571 781 831 895; x_wconf 77' lang='lat' dir='ltr'><strong>requiruntur.</strong></span> <span class='ocrx_word' id='word_1_14' title='bbox 1068 766 1071 771; x_wconf 29' lang='lat'>⁸</span> 
     </span>
    </p>
   </div>
   <div class='ocr_carea' id='block_1_3' title="bbox 166 946 1104 1183">
    <p class='ocr_par' dir='ltr' id='par_1_3' title="bbox 166 946 1104 1183">
     <span class='ocr_line' id='line_1_5' title="bbox 166 946 718 1053; baseline 0.007 -27"><span class='ocrx_word' id='word_1_15' title='bbox 166 946 350 1053; x_wconf 87' lang='lat' dir='ltr'><strong>Requisita</strong></span> <span class='ocrx_word' id='word_1_16' title='bbox 364 956 585 1028; x_wconf 84' lang='lat' dir='ltr'><strong>matrimonii</strong></span> <span class='ocrx_word' id='word_1_17' title='bbox 603 970 687 1030; x_wconf 86' lang='lat' dir='ltr'><strong>sunt</strong></span> <span class='ocrx_word' id='word_1_18' title='bbox 709 984 718 1030; x_wconf 72' lang='grc' dir='ltr'><strong>ε</strong></span> 
     </span>
     <span class='ocr_line' id='line_1_6' title="bbox 171 1063 1104 1183; baseline 0.005 -28"><span class='ocrx_word' id='word_1_19' title='bbox 171 1097 214 1155; x_wconf 89' lang='lat'><strong>1⁰.</strong></span> <span class='ocrx_word' id='word_1_20' title='bbox 241 1083 292 1154; x_wconf 89' lang='lat' dir='ltr'><strong>Ut</strong></span> <span class='ocrx_word' id='word_1_21' title='bbox 315 1085 570 1158; x_wconf 79' lang='lat' dir='ltr'><strong>contrahentes</strong></span> <span class='ocrx_word' id='word_1_22' title='bbox 589 1082 720 1183; x_wconf 86' lang='lat' dir='ltr'><strong>justam</strong></span> <span class='ocrx_word' id='word_1_23' title='bbox 744 1063 886 1158; x_wconf 86' lang='lat' dir='ltr'><strong>aetatem</strong></span> <span class='ocrx_word' id='word_1_24' title='bbox 901 1085 1076 1176; x_wconf 80' lang='lat' dir='ltr'><strong>habeant,</strong></span> <span class='ocrx_word' id='word_1_25' title='bbox 1102 1080 1104 1084; x_wconf 58' lang='grc'><strong>’</strong></span> 
     </span>
    </p>
   </div>
   <div class='ocr_carea' id='block_1_4' title="bbox 118 1209 1079 1423">
    <p class='ocr_par' dir='ltr' id='par_1_4' title="bbox 118 1209 1079 1423">
     <span class='ocr_line' id='line_1_7' title="bbox 167 1209 1077 1308; baseline 0.005 -26"><span class='ocrx_word' id='word_1_26' title='bbox 167 1226 214 1282; x_wconf 84' lang='lat'><strong>2⁰.</strong></span> <span class='ocrx_word' id='word_1_27' title='bbox 241 1209 297 1282; x_wconf 88' lang='lat' dir='ltr'><strong>Ne</strong></span> <span class='ocrx_word' id='word_1_28' title='bbox 310 1211 378 1282; x_wconf 86' lang='lat' dir='ltr'>sibi</span> <span class='ocrx_word' id='word_1_29' title='bbox 395 1211 552 1283; x_wconf 80' lang='lat' dir='ltr'><strong>invicem</strong></span> <span class='ocrx_word' id='word_1_30' title='bbox 564 1212 633 1282; x_wconf 90' lang='lat' dir='ltr'><strong>sint</strong></span> <span class='ocrx_word' id='word_1_31' title='bbox 648 1213 793 1308; x_wconf 79' lang='lat' dir='ltr'><strong>cognati</strong></span> <span class='ocrx_word' id='word_1_32' title='bbox 816 1212 876 1285; x_wconf 87' lang='lat' dir='ltr'><strong>vel</strong></span> <span class='ocrx_word' id='word_1_33' title='bbox 895 1213 1016 1286; x_wconf 89' lang='lat' dir='ltr'><strong>affines</strong></span> <span class='ocrx_word' id='word_1_34' title='bbox 1034 1214 1077 1287; x_wconf 83' lang='lat' dir='ltr'><strong>iis</strong></span> 
     </span>
     <span class='ocr_line' id='line_1_8' title="bbox 118 1322 1079 1423; baseline 0.006 -30"><span class='ocrx_word' id='word_1_35' title='bbox 118 1324 313 1422; x_wconf 83' lang='lat' dir='ltr'><strong>gradibus,</strong></span> <span class='ocrx_word' id='word_1_36' title='bbox 342 1322 473 1420; x_wconf 91' lang='lat' dir='ltr'><strong>quibus</strong></span> <span class='ocrx_word' id='word_1_37' title='bbox 500 1323 559 1394; x_wconf 88' lang='lat' dir='ltr'><strong>lex</strong></span> <span class='ocrx_word' id='word_1_38' title='bbox 587 1322 858 1395; x_wconf 81' lang='lat' dir='ltr'><strong>matrimonium</strong></span> <span class='ocrx_word' id='word_1_39' title='bbox 884 1324 976 1396; x_wconf 51' lang='lat' dir='ltr'><strong>iniri¹</strong></span> <span class='ocrx_word' id='word_1_40' title='bbox 996 1352 1079 1423; x_wconf 57' lang='lat' dir='ltr'><strong>pros</strong></span> 
     </span>
    </p>
   </div>
   <div class='ocr_carea' id='block_1_5' title="bbox 117 1434 835 1663">
    <p class='ocr_par' dir='ltr' id='par_1_5' title="bbox 117 1434 835 1663">
     <span class='ocr_line' id='line_1_9' title="bbox 117 1434 243 1522; baseline 0.008 -16"><span class='ocrx_word' id='word_1_41' title='bbox 117 1434 243 1522; x_wconf 90' lang='lat' dir='ltr'><strong>hibet&#39;,</strong></span> 
     </span>
     <span class='ocr_line' id='line_1_10' title="bbox 166 1534 835 1663; baseline -0.001 -24"><span class='ocrx_word' id='word_1_42' title='bbox 166 1567 214 1639; x_wconf 86' lang='lat'><strong>3⁰.</strong></span> <span class='ocrx_word' id='word_1_43' title='bbox 241 1564 296 1638; x_wconf 85' lang='lat' dir='ltr'><strong>Ne</strong></span> <span class='ocrx_word' id='word_1_44' title='bbox 315 1564 433 1638; x_wconf 84' lang='lat' dir='ltr'><strong>obstet</strong></span> <span class='ocrx_word' id='word_1_45' title='bbox 448 1534 542 1636; x_wconf 86' lang='lat' dir='ltr'><strong>ratio</strong></span> <span class='ocrx_word' id='word_1_46' title='bbox 556 1541 806 1663; x_wconf 26' lang='lat' dir='ltr'><strong>aliqua&#39;civilis</strong></span> <span class='ocrx_word' id='word_1_47' title='bbox 826 1623 835 1652; x_wconf 94' lang='lat'><strong>,</strong></span> 
     </span>
    </p>
   </div>
   <div class='ocr_carea' id='block_1_6' title="bbox 149 1692 957 1791">
    <p class='ocr_par' dir='ltr' id='par_1_6' title="bbox 149 1692 957 1791">
     <span class='ocr_line' id='line_1_11' title="bbox 149 1692 957 1791; baseline 0.01 -31"><span class='ocrx_word' id='word_1_48' title='bbox 149 1696 211 1791; x_wconf 20' lang='lat'><strong>¹4⁰.</strong></span> <span class='ocrx_word' id='word_1_49' title='bbox 238 1695 289 1768; x_wconf 87' lang='lat' dir='ltr'><strong>Ut</strong></span> <span class='ocrx_word' id='word_1_50' title='bbox 303 1692 557 1768; x_wconf 83' lang='lat' dir='ltr'><strong>contrahentes</strong></span> <span class='ocrx_word' id='word_1_51' title='bbox 574 1693 690 1768; x_wconf 76' lang='lat' dir='ltr'><strong>libere</strong></span> <span class='ocrx_word' id='word_1_52' title='bbox 708 1694 957 1782; x_wconf 84' lang='lat' dir='ltr'><strong>consentiant,</strong></span> 
     </span>
    </p>
   </div>
   <div class='ocr_carea' id='block_1_7' title="bbox 118 1819 1090 2032">
    <p class='ocr_par' dir='ltr' id='par_1_7' title="bbox 118 1819 1090 2032">
     <span class='ocr_line' id='line_1_12' title="bbox 166 1819 1090 1919; baseline -0.009 -28"><span class='ocrx_word' id='word_1_53' title='bbox 166 1821 214 1891; x_wconf 89' lang='lat'><strong>5⁰·</strong></span> <span class='ocrx_word' id='word_1_54' title='bbox 239 1819 526 1919; x_wconf 77' lang='lat' dir='ltr'><strong>Utcousentianl</strong></span> <span class='ocrx_word' id='word_1_55' title='bbox 538 1821 646 1897; x_wconf 84' lang='lat' dir='ltr'><strong>etiam</strong></span> <span class='ocrx_word' id='word_1_56' title='bbox 658 1821 695 1907; x_wconf 90' lang='lat' dir='ltr'><strong>ii,</strong></span> <span class='ocrx_word' id='word_1_57' title='bbox 709 1846 1090 1919; x_wconf 69' lang='lat' dir='ltr'><strong>quorumconsensus.</strong></span> 
     </span>
     <span class='ocr_line' id='line_1_13' title="bbox 118 1931 596 2032; baseline -0.015 -26"><span class='ocrx_word' id='word_1_58' title='bbox 118 1931 166 2006; x_wconf 87' lang='lat' dir='ltr'><strong>ad</strong></span> <span class='ocrx_word' id='word_1_59' title='bbox 184 1931 328 2032; x_wconf 86' lang='lat' dir='ltr'><strong>nuptias</strong></span> <span class='ocrx_word' id='word_1_60' title='bbox 349 1934 548 2030; x_wconf 87' lang='lat' dir='ltr'><strong>requiritur</strong></span> <span class='ocrx_word' id='word_1_61' title='bbox 566 1987 596 2025; x_wconf 29' lang='lat'><strong>‚0</strong></span> 
     </span>
    </p>
   </div>
   <div class='ocr_carea' id='block_1_8' title="bbox 165 2057 777 2162">
    <p class='ocr_par' dir='ltr' id='par_1_8' title="bbox 165 2057 777 2162">
     <span class='ocr_line' id='line_1_14' title="bbox 165 2057 777 2162; baseline -0.007 -27"><span class='ocrx_word' id='word_1_62' title='bbox 165 2060 212 2135; x_wconf 89' lang='lat'><strong>6⁰.</strong></span> <span class='ocrx_word' id='word_1_63' title='bbox 237 2063 288 2137; x_wconf 89' lang='lat' dir='ltr'><strong>Ut</strong></span> <span class='ocrx_word' id='word_1_64' title='bbox 307 2057 399 2159; x_wconf 79' lang='lat' dir='ltr'><strong>justa</strong></span> <span class='ocrx_word' id='word_1_65' title='bbox 414 2057 534 2134; x_wconf 84' lang='lat' dir='ltr'><strong>forma</strong></span> <span class='ocrx_word' id='word_1_66' title='bbox 553 2057 777 2162; x_wconf 87' lang='lat' dir='ltr'><strong>observetur.</strong></span> 
     </span>
    </p>
   </div>
   <div class='ocr_carea' id='block_1_9' title="bbox 435 2223 758 2483">
    <p class='ocr_par' dir='ltr' id='par_1_9' title="bbox 435 2223 758 2483">
     <span class='ocr_line' id='line_1_15' title="bbox 558 2223 678 2316; baseline 0 0"><span class='ocrx_word' id='word_1_67' title='bbox 558 2223 637 2316; x_wconf 75' lang='lat'><strong>§¹-</strong></span> <span class='ocrx_word' id='word_1_68' title='bbox 675 2238 678 2244; x_wconf 79' lang='grc'>’</span> 
     </span>
     <span class='ocr_line' id='line_1_16' title="bbox 435 2387 758 2483; baseline 0.012 -28"><span class='ocrx_word' id='word_1_69' title='bbox 435 2387 489 2457; x_wconf 89' lang='lat' dir='ltr'><strong>De</strong></span> <span class='ocrx_word' id='word_1_70' title='bbox 515 2389 616 2483; x_wconf 78' lang='lat' dir='ltr'><strong>justa</strong></span> <span class='ocrx_word' id='word_1_71' title='bbox 647 2398 758 2458; x_wconf 81' lang='lat' dir='ltr'><strong>atate.</strong></span> 
     </span>
    </p>
   </div>
   <div class='ocr_carea' id='block_1_10' title="bbox 10 2539 1195 3538">
    <p class='ocr_par' dir='ltr' id='par_1_10' title="bbox 10 2539 1185 3314">
     <span class='ocr_line' id='line_1_17' title="bbox 165 2539 1078 2643; baseline 0.001 -31"><span class='ocrx_word' id='word_1_72' title='bbox 165 2541 255 2614; x_wconf 89' lang='lat' dir='ltr'><strong>Jure</strong></span> <span class='ocrx_word' id='word_1_73' title='bbox 281 2542 427 2643; x_wconf 83' lang='lat' dir='ltr'><strong>Belgica</strong></span> <span class='ocrx_word' id='word_1_74' title='bbox 454 2540 500 2612; x_wconf 89' lang='lat' dir='ltr'><strong>ad</strong></span> <span class='ocrx_word' id='word_1_75' title='bbox 524 2541 797 2614; x_wconf 84' lang='lat' dir='ltr'><strong>matrimonium</strong></span> <span class='ocrx_word' id='word_1_76' title='bbox 811 2539 1013 2615; x_wconf 88' lang='lat' dir='ltr'><strong>ineundum</strong></span> <span class='ocrx_word' id='word_1_77' title='bbox 1037 2545 1078 2614; x_wconf 87' lang='lat' dir='ltr'><strong>in</strong></span> 
     </span>
     <span class='ocr_line' id='line_1_18' title="bbox 115 2649 1185 2758; baseline -0.002 -30"><span class='ocrx_word' id='word_1_78' title='bbox 115 2657 285 2730; x_wconf 88' lang='lat' dir='ltr'><strong>masculis</strong></span> <span class='ocrx_word' id='word_1_79' title='bbox 311 2673 394 2729; x_wconf 87' lang='lat' dir='ltr'><strong>aetas</strong></span> <span class='ocrx_word' id='word_1_80' title='bbox 408 2655 550 2753; x_wconf 80' lang='lat' dir='ltr'><strong>XVIlI,</strong></span> <span class='ocrx_word' id='word_1_81' title='bbox 567 2655 605 2723; x_wconf 90' lang='lat' dir='ltr'><strong>in</strong></span> <span class='ocrx_word' id='word_1_82' title='bbox 620 2653 766 2725; x_wconf 88' lang='lat' dir='ltr'><strong>feminis</strong></span> <span class='ocrx_word' id='word_1_83' title='bbox 783 2654 872 2727; x_wconf 87' lang='lat' dir='ltr'><strong>XVI</strong></span> <span class='ocrx_word' id='word_1_84' title='bbox 896 2649 1078 2726; x_wconf 82' lang='lat' dir='ltr'><strong>annorum</strong></span> <span class='ocrx_word' id='word_1_85' title='bbox 1181 2742 1185 2758; x_wconf 91' lang='lat'><em>.</em></span> 
     </span>
     <span class='ocr_line' id='line_1_19' title="bbox 10 2765 1079 2867; baseline 0.002 -29"><span class='ocrx_word' id='word_1_86' title='bbox 10 2817 15 2823; x_wconf 92' lang='lat'><em>-</em></span> <span class='ocrx_word' id='word_1_87' title='bbox 116 2765 351 2867; x_wconf 86' lang='lat' dir='ltr'><strong>impletarum</strong></span> <span class='ocrx_word' id='word_1_88' title='bbox 358 2767 566 2867; x_wconf 88' lang='lat' dir='ltr'><strong>requiritur.</strong></span> <span class='ocrx_word' id='word_1_89' title='bbox 581 2781 646 2837; x_wconf 87' lang='lat' dir='ltr'><strong>art.</strong></span> <span class='ocrx_word' id='word_1_90' title='bbox 663 2772 695 2857; x_wconf 77' lang='grc'><strong>4.</strong></span> <span class='ocrx_word' id='word_1_91' title='bbox 710 2765 940 2864; x_wconf 86' lang='lat' dir='ltr'><strong>Experientia</strong></span> <span class='ocrx_word' id='word_1_92' title='bbox 953 2766 1079 2840; x_wconf 91' lang='lat' dir='ltr'><strong>docuit</strong></span> 
     </span>
     <span class='ocr_line' id='line_1_20' title="bbox 117 2877 1119 2981; baseline 0.003 -28"><span class='ocrx_word' id='word_1_93' title='bbox 117 2881 156 2953; x_wconf 89' lang='lat' dir='ltr'><strong>in</strong></span> <span class='ocrx_word' id='word_1_94' title='bbox 174 2881 286 2980; x_wconf 89' lang='lat' dir='ltr'><strong>patria</strong></span> <span class='ocrx_word' id='word_1_95' title='bbox 306 2893 430 2952; x_wconf 90' lang='lat' dir='ltr'><strong>nostra</strong></span> <span class='ocrx_word' id='word_1_96' title='bbox 450 2877 542 2973; x_wconf 83' lang='lat' dir='ltr'><strong>hauc</strong></span> <span class='ocrx_word' id='word_1_97' title='bbox 563 2902 640 2949; x_wconf 88' lang='lat' dir='ltr'><strong>esse</strong></span> <span class='ocrx_word' id='word_1_98' title='bbox 656 2891 814 2968; x_wconf 80' lang='lat' dir='ltr'><strong>atatem,</strong></span> <span class='ocrx_word' id='word_1_99' title='bbox 828 2905 900 2979; x_wconf 83' lang='lat' dir='ltr'><strong>qua</strong></span> <span class='ocrx_word' id='word_1_100' title='bbox 914 2881 1080 2981; x_wconf 78' lang='lat' dir='ltr'><strong>plerique</strong></span> <span class='ocrx_word' id='word_1_101' title='bbox 1117 2922 1119 2926; x_wconf 17' lang='grc' dir='ltr'><em>Α</em></span> 
     </span>
     <span class='ocr_line' id='line_1_21' title="bbox 115 2988 1079 3091; baseline 0.003 -28"><span class='ocrx_word' id='word_1_102' title='bbox 115 2992 310 3090; x_wconf 87' lang='lat' dir='ltr'><strong>utriusque</strong></span> <span class='ocrx_word' id='word_1_103' title='bbox 318 2990 422 3063; x_wconf 76' lang='lat' dir='ltr'><strong>sextis</strong></span> <span class='ocrx_word' id='word_1_104' title='bbox 432 2988 679 3062; x_wconf 85' lang='lat' dir='ltr'><strong>adolescentes</strong></span> <span class='ocrx_word' id='word_1_105' title='bbox 688 2989 765 3087; x_wconf 86' lang='lat' dir='ltr'><strong>apti</strong></span> <span class='ocrx_word' id='word_1_106' title='bbox 779 3005 862 3063; x_wconf 88' lang='lat' dir='ltr'><strong>sunt</strong></span> <span class='ocrx_word' id='word_1_107' title='bbox 876 2989 923 3062; x_wconf 89' lang='lat' dir='ltr'><strong>ad</strong></span> <span class='ocrx_word' id='word_1_108' title='bbox 936 2992 1079 3091; x_wconf 83' lang='lat' dir='ltr'><strong>nuptias</strong></span> 
     </span>
     <span class='ocr_line' id='line_1_22' title="bbox 117 3099 1079 3198; baseline 0.001 -23"><span class='ocrx_word' id='word_1_109' title='bbox 117 3099 392 3175; x_wconf 87' lang='lat' dir='ltr'><strong>contrahendas.</strong></span> <span class='ocrx_word' id='word_1_110' title='bbox 414 3104 490 3175; x_wconf 79' lang='lat' dir='ltr'><strong>Rex</strong></span> <span class='ocrx_word' id='word_1_111' title='bbox 506 3116 628 3173; x_wconf 89' lang='lat' dir='ltr'><strong>tamen</strong></span> <span class='ocrx_word' id='word_1_112' title='bbox 645 3113 795 3198; x_wconf 89' lang='lat' dir='ltr'><strong>propter</strong></span> <span class='ocrx_word' id='word_1_113' title='bbox 812 3125 938 3198; x_wconf 86' lang='lat' dir='ltr'><strong>graves</strong></span> <span class='ocrx_word' id='word_1_114' title='bbox 954 3123 1079 3176; x_wconf 81' lang='lat' dir='ltr'><strong>causas</strong></span> 
     </span>
     <span class='ocr_line' id='line_1_23' title="bbox 10 3211 1081 3314; baseline -0.002 -28"><span class='ocrx_word' id='word_1_115' title='bbox 10 3294 14 3304; x_wconf 53' lang='lat'><strong><em>‚</em></strong></span> <span class='ocrx_word' id='word_1_116' title='bbox 114 3213 327 3314; x_wconf 87' lang='lat' dir='ltr'><strong>permittere</strong></span> <span class='ocrx_word' id='word_1_117' title='bbox 352 3225 489 3312; x_wconf 86' lang='lat' dir='ltr'><strong>potest,</strong></span> <span class='ocrx_word' id='word_1_118' title='bbox 514 3226 554 3284; x_wconf 89' lang='lat' dir='ltr'><strong>ut</strong></span> <span class='ocrx_word' id='word_1_119' title='bbox 582 3211 677 3284; x_wconf 87' lang='lat' dir='ltr'><strong>inter</strong></span> <span class='ocrx_word' id='word_1_120' title='bbox 700 3236 890 3311; x_wconf 77' lang='lat' dir='ltr'><strong>personas,</strong></span> <span class='ocrx_word' id='word_1_121' title='bbox 908 3211 973 3310; x_wconf 90' lang='lat' dir='ltr'><strong>qui</strong></span> <span class='ocrx_word' id='word_1_122' title='bbox 999 3236 1081 3286; x_wconf 88' lang='lat' dir='ltr'><strong>eam</strong></span> 
     </span>
    </p>

    <p class='ocr_par' dir='ltr' id='par_1_11' title="bbox 35 3316 1195 3538">
     <span class='ocr_line' id='line_1_24' title="bbox 35 3316 1195 3426; baseline 0.003 -27"><span class='ocrx_word' id='word_1_123' title='bbox 35 3366 40 3380; x_wconf 87' lang='lat'>·</span> <span class='ocrx_word' id='word_1_124' title='bbox 119 3342 260 3399; x_wconf 87' lang='lat' dir='ltr'><strong>aetatem</strong></span> <span class='ocrx_word' id='word_1_125' title='bbox 294 3325 460 3398; x_wconf 90' lang='lat' dir='ltr'><strong>nondum</strong></span> <span class='ocrx_word' id='word_1_126' title='bbox 497 3323 769 3426; x_wconf 84' lang='lat' dir='ltr'><strong>impleverunt,</strong></span> <span class='ocrx_word' id='word_1_127' title='bbox 802 3327 1078 3401; x_wconf 87' lang='lat' dir='ltr'><strong>matrimonium</strong></span> <span class='ocrx_word' id='word_1_128' title='bbox 1187 3316 1195 3330; x_wconf 78' lang='grc'><strong><em>’</em></strong></span> 
     </span>
     <span class='ocr_line' id='line_1_25' title="bbox 118 3441 529 3538; baseline -0.017 -19"><span class='ocrx_word' id='word_1_129' title='bbox 118 3441 336 3519; x_wconf 83' lang='lat' dir='ltr'><strong>celebretur.</strong></span> <span class='ocrx_word' id='word_1_130' title='bbox 357 3444 392 3518; x_wconf 77' lang='lat' dir='ltr'><strong>d,</strong></span> <span class='ocrx_word' id='word_1_131' title='bbox 413 3455 479 3514; x_wconf 81' lang='lat' dir='ltr'><strong>art.</strong></span> <span class='ocrx_word' id='word_1_132' title='bbox 494 3441 529 3538; x_wconf 68' lang='grc'><em>4</em></span> 
     </span>
    </p>
   </div>
   <div class='ocr_carea' id='block_1_11' title="bbox 564 3607 635 3702">
    <p class='ocr_par' dir='ltr' id='par_1_12' title="bbox 564 3607 635 3702">
     <span class='ocr_line' id='line_1_26' title="bbox 564 3607 635 3702; baseline 0 -22"><span class='ocrx_word' id='word_1_133' title='bbox 564 3607 635 3702; x_wconf 69' lang='lat'><strong>52.</strong></span> 
     </span>
    </p>
   </div>
   <div class='ocr_carea' id='block_1_12' title="bbox 118 3744 1086 3963">
    <p class='ocr_par' dir='ltr' id='par_1_13' title="bbox 118 3744 1086 3963">
     <span class='ocr_line' id='line_1_27' title="bbox 118 3744 1086 3875; baseline -0.006 -24"><span class='ocrx_word' id='word_1_134' title='bbox 118 3779 175 3851; x_wconf 86' lang='lat' dir='ltr'><strong>De</strong></span> <span class='ocrx_word' id='word_1_135' title='bbox 191 3775 361 3875; x_wconf 82' lang='lat' dir='ltr'><strong>gradibus</strong></span> <span class='ocrx_word' id='word_1_136' title='bbox 380 3744 650 3873; x_wconf 61' lang='lat' dir='ltr'><strong>coguumniset</strong></span> <span class='ocrx_word' id='word_1_137' title='bbox 663 3771 867 3874; x_wconf 65' lang='lat' dir='ltr'><strong>affinitatis,</strong></span> <span class='ocrx_word' id='word_1_138' title='bbox 883 3773 948 3869; x_wconf 84' lang='lat' dir='ltr'><strong>qui</strong></span> <span class='ocrx_word' id='word_1_139' title='bbox 964 3776 1086 3845; x_wconf 77' lang='lat' dir='ltr'><strong>matri·</strong></span> 
     </span>
     <span class='ocr_line' id='line_1_28' title="bbox 361 3887 845 3963; baseline -0.008 -1"><span class='ocrx_word' id='word_1_140' title='bbox 361 3894 475 3962; x_wconf 84' lang='lat' dir='ltr'><strong>monio</strong></span> <span class='ocrx_word' id='word_1_141' title='bbox 505 3892 658 3963; x_wconf 81' lang='lat' dir='ltr'><strong>ineundo</strong></span> <span class='ocrx_word' id='word_1_142' title='bbox 691 3887 845 3962; x_wconf 83' lang='lat' dir='ltr'><strong>obstant.</strong></span> 
     </span>
    </p>
   </div>
   <div class='ocr_carea' id='block_1_13' title="bbox 173 4035 1041 4152">
    <p class='ocr_par' dir='ltr' id='par_1_14' title="bbox 173 4035 1041 4152">
     <span class='ocr_line' id='line_1_29' title="bbox 173 4035 1041 4152; baseline -0.008 -26"><span class='ocrx_word' id='word_1_143' title='bbox 173 4052 327 4148; x_wconf 84' lang='lat' dir='ltr'><strong>Propter</strong></span> <span class='ocrx_word' id='word_1_144' title='bbox 345 4051 602 4152; x_wconf 81' lang='lat' dir='ltr'><strong>cognationem</strong></span> <span class='ocrx_word' id='word_1_145' title='bbox 616 4045 859 4150; x_wconf 86' lang='lat' dir='ltr'><strong>prohibentur</strong></span> <span class='ocrx_word' id='word_1_146' title='bbox 876 4035 1041 4145; x_wconf 65' lang='lat' dir='ltr'><strong>nuptias</strong></span> 
     </span>
    </p>
   </div>
   <div class='ocr_carea' id='block_1_14' title="bbox 0 0 1311 4724">
    <p class='ocr_par' dir='ltr' id='par_1_15' title="bbox 0 0 1311 4724">
     <span class='ocr_line' id='line_1_30' title="bbox 0 0 1311 4724; baseline 0 0"><span class='ocrx_word' id='word_1_147' title='bbox 0 0 1311 4724; x_wconf 95' lang='lat' dir='ltr'><strong> </strong></span> 
     </span>
    </p>
   </div>
  </div>
 </body>
</html>
