2596 4724
151 529 194 584 1⁰.
222 515 339 612 Caput
352 529 406 589 est
419 520 599 594 societatis
611 524 827 626 conjugalis;
851 531 937 605 hinc
953 533 1072 622 uxori,

100 624 249 723 quando
286 628 321 698 in
356 627 412 728 jus
427 648 499 717 eat,
521 634 712 727 adsistere,
734 656 796 713 aut
825 671 894 743 pro
912 673 953 718 ea
972 672 1071 718 com·

97 763 231 837 parere
259 739 386 832 dehet,
417 747 522 821 salvis
544 753 842 851 exceptionibus,
870 756 1074 857 dequibus

100 849 196 924 infra
213 881 380 955 'agemus;
402 859 575 963 bonaque
597 867 719 938 uxoris
737 866 986 960 administrat,
1006 871 1076 944 nisi

101 963 193 1039 adsit
206 970 387 1071 stipulatio
399 979 593 1051 contraria.
615 982 694 1053 Art.
717 984 755 1068 3,
778 989 832 1056 tit.
852 987 896 1058 V.

148 1132 196 1190 2⁰.
223 1117 388 1194 Uxorem
424 1125 592 1223 recipere
630 1141 778 1201 tenetur
815 1131 852 1200 in
890 1131 1075 1218 domum,

101 1253 213 1329 qnam
228 1231 379 1323 habitat,
397 1261 478 1306 eam
492 1239 587 1310 tueri
602 1238 725 1329 dehet,
737 1241 862 1340 illique
874 1234 1078 1316 secundum

100 1354 232 1414 statum
266 1342 498 1419 fortunarum
530 1375 697 1438 suarum,
735 1353 859 1424 omnia
892 1353 1076 1453 praehere,

100 1478 184 1552 quac
201 1457 266 1556 ipsi
283 1462 488 1534 necessaria
509 1479 604 1537 sunt.
622 1466 702 1538 Art.
726 1467 759 1540 5.
779 1468 867 1542 Haec
887 1464 1077 1569 dispositio

102 1595 121 1676 a
141 1567 223 1667 jure
242 1574 408 1647 Romano
427 1573 628 1678 discrepat,
650 1606 736 1651 uam
755 1580 960 1653 secundum
980 1582 1078 1684 leges

101 1683 1079 1789 Romanasmaritusquidemuxoremindomumsuam
1125 1722 1128 1727 ’
1196 1692 1203 1717 “

100 1798 268 1895 recipere
284 1800 463 1889 debehat,
483 1804 591 1902 cique
608 1807 731 1878 omnia
751 1832 793 1878 ea
814 1807 1077 1898 administrare,

103 1912 238 2012 quibus
261 1913 467 2015 indigebat,
486 1916 531 1988 ad
550 1919 661 1991 vitam
684 1923 976 2011 sustentandam;
1001 1950 1079 1997 non

19 2050 23 2057 ’
100 2052 190 2101 vero
209 2029 412 2104 secundum
427 2030 616 2106 facultates
635 2060 735 2122 suas,
752 2034 821 2140 sed.
838 2035 935 2112 dotis
959 2065 1079 2139 quan-

101 2140 251 2216 titatem.
272 2147 309 2219 V
305 2147 353 2218 id.
373 2147 396 2219 l.
419 2171 482 2236 22,
501 2145 521 2241 ἓ
537 2148 569 2221 8.
584 2145 634 2245 ff
649 2149 764 2222 Salat.
783 2153 894 2225 Matr.

148 2289 205 2361 Ad
216 2317 369 2365 uxorem
378 2289 657 2390 pertinentjura
666 2295 858 2392 officiaque
870 2298 1077 2394 sequentia:

160 2450 204 2504 1⁰.
234 2434 364 2507 Marito
385 2430 634 2506 obedientiam
656 2448 826 2533 praestare
846 2434 972 2524 debet,
992 2432 1079 2510 cum

100 2575 147 2624 eo
166 2549 330 2623 habitare
346 2563 507 2636 tenetur,
528 2576 690 2648 eumque
711 2550 830 2650 sequi,
865 2547 1079 2649 ubicunque

99 2664 332 2765 judicaverit,
372 2690 410 2737 se
445 2663 676 2736 domicilium
712 2689 820 2739 suum
857 2665 1079 2739 constituere

104 2774 255 2850 debere.
275 2778 354 2848 Art.
372 2777 408 2868 4.

150 2941 197 2997 2⁰.
223 2923 340 3010 Uxor,
355 2922 441 2997 licet
452 2924 548 2997 inter
567 2947 649 2996 eam
666 2935 702 2997 et
717 2923 891 2996 maritum
906 2947 1079 3000 commu-

101 3037 165 3113 nio
176 3037 364 3111 bonorum
375 3037 503 3110 locum
512 3063 591 3111 non
607 3035 758 3123 habeat,
780 3036 854 3108 imo
871 3038 959 3111 licet
975 3066 1081 3140 sepa-

98 3155 166 3228 rati
195 3153 304 3226 bouis
329 3151 504 3252 conjuges
529 3153 617 3235 sint,
647 3148 738 3221 nihil
766 3161 887 3257 potest
918 3149 1078 3244 donare,

100 3269 279 3355 alienare,
312 3266 528 3370 hypothecae
562 3265 745 3367 obligare,
776 3278 837 3338 aut
867 3269 1077 3368 acquirere,

102 3384 176 3458 sive
195 3380 297 3455 titulo
314 3378 488 3480 gratuito,
506 3378 581 3451 sive
603 3386 782 3465 oneroso,
801 3379 881 3451 siue
896 3405 1080 3454 concursu

100 3497 222 3571 mariti
243 3496 380 3596 inipso
409 3494 674 3582 instrumento,
703 3510 765 3568 aut
791 3520 977 3570 consensu
1002 3492 1080 3592 ejus

102 3611 240 3711 scripto
261 3608 366 3695 dato;
388 3607 454 3681 sed
482 3623 519 3680 et
546 3607 631 3682 licet
653 3609 805 3682 maritus
825 3608 1081 3681 auctoritatem

101 3750 204 3798 suam
218 3724 497 3827 interposuerit,
516 3722 562 3796 ad
582 3722 846 3825 obligationem
862 3721 1082 3795 contrahen-
1174 3792 1177 3799 .

101 3837 208 3928 dam,
236 3866 313 3913 non
332 3855 457 3914 tamen
476 3838 618 3913 idcirco
647 3865 743 3940 uxor
772 3835 828 3936 jus
856 3837 1081 3912 nanciscitur

101 3948 306 4053 accipiendi
324 3953 565 4043 solutionem,
587 3978 709 4052 neque
736 3949 917 4051 apocham
949 3950 1078 4043 dandi,

101 4067 172 4144 nisi
196 4066 292 4142 hanc
318 4066 366 4142 in'
381 4093 462 4145 rem
481 4064 650 4169 expresse
670 4064 820 4142 maritus
837 4067 1078 4143 consenserit.
