<?xml version="1.0" encoding="UTF-8"?>
<!DOCTYPE html PUBLIC "-//W3C//DTD XHTML 1.0 Transitional//EN"
    "http://www.w3.org/TR/xhtml1/DTD/xhtml1-transitional.dtd">
<html xmlns="http://www.w3.org/1999/xhtml" xml:lang="en" lang="en">
 <head>
  <title>
</title>
<meta http-equiv="Content-Type" content="text/html;charset=utf-8" />
  <meta name='ocr-system' content='tesseract 3.04.00' />
  <meta name='ocr-capabilities' content='ocr_page ocr_carea ocr_par ocr_line ocrx_word'/>
</head>
<body>
  <div class='ocr_page' id='page_1' title='image "./dematrimoniosec00assegoog_0069.png"; bbox 0 0 2596 4724; ppageno 0'>
   <div class='ocr_carea' id='block_1_1' title="bbox 234 465 1273 1479">
    <p class='ocr_par' dir='ltr' id='par_1_1' title="bbox 234 465 1273 1479">
     <span class='ocr_line' id='line_1_1' title="bbox 235 465 1273 568; baseline 0.007 -29"><span class='ocrx_word' id='word_1_1' title='bbox 235 465 341 564; x_wconf 81' lang='lat' dir='ltr'><strong>legali</strong></span> <span class='ocrx_word' id='word_1_2' title='bbox 359 466 505 541; x_wconf 83' lang='lat' dir='ltr'>excludi</span> <span class='ocrx_word' id='word_1_3' title='bbox 538 467 751 568; x_wconf 89' lang='lat' dir='ltr'><strong>cupiebant,</strong></span> <span class='ocrx_word' id='word_1_4' title='bbox 780 468 827 541; x_wconf 91' lang='lat' dir='ltr'><strong>ad</strong></span> <span class='ocrx_word' id='word_1_5' title='bbox 858 469 1074 542; x_wconf 83' lang='lat' dir='ltr'><strong>sententiam</strong></span> <span class='ocrx_word' id='word_1_6' title='bbox 1105 495 1211 541; x_wconf 89' lang='lat' dir='ltr'><strong>suam</strong></span> <span class='ocrx_word' id='word_1_7' title='bbox 1268 536 1273 546; x_wconf 89' lang='lat'>.</span> 
     </span>
     <span class='ocr_line' id='line_1_2' title="bbox 235 577 1211 679; baseline 0.002 -27"><span class='ocrx_word' id='word_1_8' title='bbox 235 577 456 655; x_wconf 90' lang='lat' dir='ltr'><strong>firmandam</strong></span> <span class='ocrx_word' id='word_1_9' title='bbox 472 581 734 670; x_wconf 82' lang='lat' dir='ltr'>observabant,</span> <span class='ocrx_word' id='word_1_10' title='bbox 759 582 926 656; x_wconf 77' lang='lat' dir='ltr'><strong>fortunas</strong></span> <span class='ocrx_word' id='word_1_11' title='bbox 949 581 988 653; x_wconf 91' lang='lat' dir='ltr'><strong>in</strong></span> <span class='ocrx_word' id='word_1_12' title='bbox 1013 581 1211 679; x_wconf 86' lang='lat' dir='ltr'><strong>provinciis</strong></span> 
     </span>
     <span class='ocr_line' id='line_1_3' title="bbox 234 686 1211 796; baseline 0 -28"><span class='ocrx_word' id='word_1_13' title='bbox 234 696 540 773; x_wconf 90' lang='lat' dir='ltr'><strong>meridionalibns</strong></span> <span class='ocrx_word' id='word_1_14' title='bbox 592 697 748 773; x_wconf 76' lang='lat' dir='ltr'><strong>maxime</strong></span> <span class='ocrx_word' id='word_1_15' title='bbox 777 699 815 769; x_wconf 91' lang='lat' dir='ltr'><strong>in</strong></span> <span class='ocrx_word' id='word_1_16' title='bbox 847 695 994 796; x_wconf 88' lang='lat' dir='ltr'><strong>praediis</strong></span> <span class='ocrx_word' id='word_1_17' title='bbox 1034 686 1069 770; x_wconf 84' lang='lat' dir='ltr'><strong>et</strong></span> <span class='ocrx_word' id='word_1_18' title='bbox 1097 696 1211 770; x_wconf 87' lang='lat' dir='ltr'><strong>rebus</strong></span> 
     </span>
     <span class='ocr_line' id='line_1_4' title="bbox 236 804 1211 911; baseline -0.004 -27"><span class='ocrx_word' id='word_1_19' title='bbox 236 804 491 887; x_wconf 85' lang='lat' dir='ltr'><strong>immobilibus</strong></span> <span class='ocrx_word' id='word_1_20' title='bbox 511 815 731 900; x_wconf 82' lang='lat' dir='ltr'><strong>consistere,</strong></span> <span class='ocrx_word' id='word_1_21' title='bbox 753 825 789 885; x_wconf 89' lang='lat' dir='ltr'><strong>et</strong></span> <span class='ocrx_word' id='word_1_22' title='bbox 806 811 972 911; x_wconf 85' lang='lat' dir='ltr'><strong>quamvis</strong></span> <span class='ocrx_word' id='word_1_23' title='bbox 989 809 1105 883; x_wconf 85' lang='lat' dir='ltr'><strong>futuri</strong></span> <span class='ocrx_word' id='word_1_24' title='bbox 1119 836 1211 882; x_wconf 92' lang='lat' dir='ltr'><strong>con-</strong></span> 
     </span>
     <span class='ocr_line' id='line_1_5' title="bbox 234 921 1213 1022; baseline 0 -28"><span class='ocrx_word' id='word_1_25' title='bbox 234 921 338 1022; x_wconf 83' lang='lat' dir='ltr'><strong>juges</strong></span> <span class='ocrx_word' id='word_1_26' title='bbox 359 923 414 995; x_wconf 90' lang='lat' dir='ltr'><strong>bis</strong></span> <span class='ocrx_word' id='word_1_27' title='bbox 436 922 484 996; x_wconf 91' lang='lat' dir='ltr'><strong>de</strong></span> <span class='ocrx_word' id='word_1_28' title='bbox 516 923 629 996; x_wconf 91' lang='lat' dir='ltr'><strong>rebus</strong></span> <span class='ocrx_word' id='word_1_29' title='bbox 662 924 970 1000; x_wconf 83' lang='lat' dir='ltr'><strong>conventionibus</strong></span> <span class='ocrx_word' id='word_1_30' title='bbox 996 926 1122 997; x_wconf 90' lang='lat' dir='ltr'><strong>omnia</strong></span> <span class='ocrx_word' id='word_1_31' title='bbox 1141 939 1213 995; x_wconf 87' lang='lat' dir='ltr'><strong>sta-</strong></span> 
     </span>
     <span class='ocr_line' id='line_1_6' title="bbox 234 1034 1214 1135; baseline 0 -29"><span class='ocrx_word' id='word_1_32' title='bbox 234 1047 341 1108; x_wconf 83' lang='lat' dir='ltr'><strong>tuere</strong></span> <span class='ocrx_word' id='word_1_33' title='bbox 361 1034 519 1134; x_wconf 88' lang='lat' dir='ltr'><strong>possint,</strong></span> <span class='ocrx_word' id='word_1_34' title='bbox 548 1062 631 1135; x_wconf 86' lang='lat' dir='ltr'><strong>quae</strong></span> <span class='ocrx_word' id='word_1_35' title='bbox 659 1034 794 1125; x_wconf 88' lang='lat' dir='ltr'><strong>velint,</strong></span> <span class='ocrx_word' id='word_1_36' title='bbox 815 1051 939 1109; x_wconf 89' lang='lat' dir='ltr'><strong>tamen</strong></span> <span class='ocrx_word' id='word_1_37' title='bbox 969 1036 1214 1109; x_wconf 73' lang='lat' dir='ltr'><strong>mutationem</strong></span> 
     </span>
     <span class='ocr_line' id='line_1_7' title="bbox 235 1148 1217 1251; baseline -0.003 -30"><span class='ocrx_word' id='word_1_38' title='bbox 235 1149 483 1251; x_wconf 80' lang='lat' dir='ltr'><strong>systhematis,</strong></span> <span class='ocrx_word' id='word_1_39' title='bbox 497 1149 598 1251; x_wconf 90' lang='lat' dir='ltr'><strong>quod</strong></span> <span class='ocrx_word' id='word_1_40' title='bbox 618 1150 823 1226; x_wconf 87' lang='lat' dir='ltr'><strong>secundum</strong></span> <span class='ocrx_word' id='word_1_41' title='bbox 841 1149 938 1250; x_wconf 83' lang='lat' dir='ltr'><strong>leges</strong></span> <span class='ocrx_word' id='word_1_42' title='bbox 954 1148 1074 1222; x_wconf 89' lang='lat' dir='ltr'><strong>adbuc</strong></span> <span class='ocrx_word' id='word_1_43' title='bbox 1093 1150 1217 1248; x_wconf 85' lang='lat' dir='ltr'><strong>vigen-</strong></span> 
     </span>
     <span class='ocr_line' id='line_1_8' title="bbox 236 1261 1218 1366; baseline 0 -30"><span class='ocrx_word' id='word_1_44' title='bbox 236 1277 291 1336; x_wconf 87' lang='lat' dir='ltr'><strong>tes</strong></span> <span class='ocrx_word' id='word_1_45' title='bbox 305 1262 463 1352; x_wconf 90' lang='lat' dir='ltr'><strong>obtinet,</strong></span> <span class='ocrx_word' id='word_1_46' title='bbox 490 1263 620 1359; x_wconf 83' lang='lat' dir='ltr'><strong>multis</strong></span> <span class='ocrx_word' id='word_1_47' title='bbox 635 1264 925 1356; x_wconf 83' lang='lat' dir='ltr'><strong>difficultatibus,</strong></span> <span class='ocrx_word' id='word_1_48' title='bbox 950 1278 1060 1366; x_wconf 85' lang='lat' dir='ltr'><strong>atque</strong></span> <span class='ocrx_word' id='word_1_49' title='bbox 1080 1261 1218 1338; x_wconf 60' lang='lat' dir='ltr'><strong>confu«</strong></span> 
     </span>
     <span class='ocr_line' id='line_1_9' title="bbox 237 1375 873 1479; baseline 0.002 -29"><span class='ocrx_word' id='word_1_50' title='bbox 237 1375 403 1450; x_wconf 90' lang='lat' dir='ltr'><strong>sionibus</strong></span> <span class='ocrx_word' id='word_1_51' title='bbox 424 1402 550 1449; x_wconf 82' lang='lat' dir='ltr'><strong>ansam</strong></span> <span class='ocrx_word' id='word_1_52' title='bbox 567 1403 676 1479; x_wconf 82' lang='lat' dir='ltr'><strong>posse</strong></span> <span class='ocrx_word' id='word_1_53' title='bbox 692 1378 873 1478; x_wconf 88' lang='lat' dir='ltr'><strong>praebere.</strong></span> 
     </span>
    </p>
   </div>
   <div class='ocr_carea' id='block_1_2' title="bbox 151 1505 1223 3779">
    <p class='ocr_par' dir='ltr' id='par_1_2' title="bbox 265 1505 1215 1621">
     <span class='ocr_line' id='line_1_10' title="bbox 265 1505 1215 1621; baseline -0.004 -29"><span class='ocrx_word' id='word_1_54' title='bbox 265 1505 375 1612; x_wconf 55' lang='lat' dir='ltr'><strong>xQuae</strong></span> <span class='ocrx_word' id='word_1_55' title='bbox 410 1520 563 1594; x_wconf 88' lang='lat' dir='ltr'><strong>diversae</strong></span> <span class='ocrx_word' id='word_1_56' title='bbox 598 1522 793 1621; x_wconf 88' lang='lat' dir='ltr'><strong>opiniones</strong></span> <span class='ocrx_word' id='word_1_57' title='bbox 827 1535 867 1593; x_wconf 92' lang='lat' dir='ltr'><strong>ut</strong></span> <span class='ocrx_word' id='word_1_58' title='bbox 899 1519 1215 1604; x_wconf 85' lang='lat' dir='ltr'><strong>conciliarentur,</strong></span> 
     </span>
    </p>

    <p class='ocr_par' dir='ltr' id='par_1_3' title="bbox 151 1629 1223 3779">
     <span class='ocr_line' id='line_1_11' title="bbox 237 1629 1216 1729; baseline 0 -25"><span class='ocrx_word' id='word_1_59' title='bbox 237 1631 466 1704; x_wconf 87' lang='lat' dir='ltr'><strong>causafuisse</strong></span> <span class='ocrx_word' id='word_1_60' title='bbox 482 1631 637 1719; x_wconf 90' lang='lat' dir='ltr'><strong>videtur,</strong></span> <span class='ocrx_word' id='word_1_61' title='bbox 656 1631 773 1704; x_wconf 90' lang='lat' dir='ltr'><strong>curin</strong></span> <span class='ocrx_word' id='word_1_62' title='bbox 788 1631 903 1729; x_wconf 88' lang='lat' dir='ltr'><strong>priori</strong></span> <span class='ocrx_word' id='word_1_63' title='bbox 916 1629 1062 1703; x_wconf 91' lang='lat' dir='ltr'><strong>Codicis</strong></span> <span class='ocrx_word' id='word_1_64' title='bbox 1077 1631 1216 1729; x_wconf 84' lang='lat' dir='ltr'><strong>Belgici</strong></span> 
     </span>
     <span class='ocr_line' id='line_1_12' title="bbox 151 1739 1213 1851; baseline -0.003 -35"><span class='ocrx_word' id='word_1_65' title='bbox 151 1829 156 1851; x_wconf 59' lang='lat'><strong>,</strong></span> <span class='ocrx_word' id='word_1_66' title='bbox 237 1739 439 1844; x_wconf 79' lang='lat' dir='ltr'><strong>specimine</strong></span> <span class='ocrx_word' id='word_1_67' title='bbox 455 1741 531 1839; x_wconf 92' lang='lat' dir='ltr'><strong>(de</strong></span> <span class='ocrx_word' id='word_1_68' title='bbox 549 1768 626 1842; x_wconf 92' lang='lat' dir='ltr'><strong>quo</strong></span> <span class='ocrx_word' id='word_1_69' title='bbox 637 1743 676 1812; x_wconf 94' lang='lat' dir='ltr'><strong>in</strong></span> <span class='ocrx_word' id='word_1_70' title='bbox 690 1740 905 1843; x_wconf 70' lang='lat' dir='ltr'><strong>praefatione</strong></span> <span class='ocrx_word' id='word_1_71' title='bbox 925 1741 1042 1817; x_wconf 89' lang='lat' dir='ltr'><strong>locuti</strong></span> <span class='ocrx_word' id='word_1_72' title='bbox 1059 1744 1213 1837; x_wconf 87' lang='lat' dir='ltr'><strong>sumus)</strong></span> 
     </span>
     <span class='ocr_line' id='line_1_13' title="bbox 237 1855 1217 1958; baseline -0.005 -26"><span class='ocrx_word' id='word_1_73' title='bbox 237 1871 412 1958; x_wconf 87' lang='lat' dir='ltr'><strong>statutum</strong></span> <span class='ocrx_word' id='word_1_74' title='bbox 425 1872 547 1945; x_wconf 89' lang='lat' dir='ltr'><strong>esset,</strong></span> <span class='ocrx_word' id='word_1_75' title='bbox 588 1872 629 1930; x_wconf 88' lang='lat' dir='ltr'><strong>nt</strong></span> <span class='ocrx_word' id='word_1_76' title='bbox 664 1856 747 1928; x_wconf 89' lang='lat' dir='ltr'><strong>duae</strong></span> <span class='ocrx_word' id='word_1_77' title='bbox 783 1855 909 1930; x_wconf 88' lang='lat' dir='ltr'><strong>forent</strong></span> <span class='ocrx_word' id='word_1_78' title='bbox 942 1855 1217 1930; x_wconf 80' lang='lat' dir='ltr'><strong>communionis</strong></span> 
     </span>
     <span class='ocr_line' id='line_1_14' title="bbox 236 1970 1215 2072; baseline -0.001 -28"><span class='ocrx_word' id='word_1_79' title='bbox 236 1970 363 2072; x_wconf 83' lang='lat' dir='ltr'><strong>legalis</strong></span> <span class='ocrx_word' id='word_1_80' title='bbox 403 1973 573 2071; x_wconf 88' lang='lat' dir='ltr'><strong>species,</strong></span> <span class='ocrx_word' id='word_1_81' title='bbox 614 1997 772 2070; x_wconf 87' lang='lat' dir='ltr'><strong>qua-rum</strong></span> <span class='ocrx_word' id='word_1_82' title='bbox 810 1970 951 2060; x_wconf 84' lang='lat' dir='ltr'><strong>altera,</strong></span> <span class='ocrx_word' id='word_1_83' title='bbox 997 1971 1215 2065; x_wconf 84' lang='lat' dir='ltr'><strong>indefinita,</strong></span> 
     </span>
     <span class='ocr_line' id='line_1_15' title="bbox 240 2083 1217 2186; baseline -0.001 -26"><span class='ocrx_word' id='word_1_84' title='bbox 240 2087 366 2160; x_wconf 88' lang='lat' dir='ltr'><strong>omnia</strong></span> <span class='ocrx_word' id='word_1_85' title='bbox 383 2089 585 2183; x_wconf 83' lang='lat' dir='ltr'><strong>conjugum</strong></span> <span class='ocrx_word' id='word_1_86' title='bbox 603 2083 705 2158; x_wconf 90' lang='lat' dir='ltr'><strong>bona</strong></span> <span class='ocrx_word' id='word_1_87' title='bbox 724 2084 1072 2186; x_wconf 83' lang='lat' dir='ltr'><strong>comprehenderet,</strong></span> <span class='ocrx_word' id='word_1_88' title='bbox 1091 2089 1217 2175; x_wconf 87' lang='lat' dir='ltr'><strong>altera,</strong></span> 
     </span>
     <span class='ocr_line' id='line_1_16' title="bbox 239 2198 1218 2295; baseline -0.001 -21"><span class='ocrx_word' id='word_1_89' title='bbox 239 2202 407 2295; x_wconf 82' lang='lat' dir='ltr'><strong>definita,</strong></span> <span class='ocrx_word' id='word_1_90' title='bbox 429 2198 475 2270; x_wconf 90' lang='lat' dir='ltr'><strong>ad</strong></span> <span class='ocrx_word' id='word_1_91' title='bbox 491 2198 593 2271; x_wconf 88' lang='lat' dir='ltr'><strong>bona</strong></span> <span class='ocrx_word' id='word_1_92' title='bbox 612 2198 815 2273; x_wconf 82' lang='lat' dir='ltr'><strong>immobilia</strong></span> <span class='ocrx_word' id='word_1_93' title='bbox 841 2224 919 2270; x_wconf 91' lang='lat' dir='ltr'><strong>non</strong></span> <span class='ocrx_word' id='word_1_94' title='bbox 940 2199 1218 2288; x_wconf 86' lang='lat' dir='ltr'><strong>extenderetur,</strong></span> 
     </span>
     <span class='ocr_line' id='line_1_17' title="bbox 240 2291 1218 2412; baseline 0.001 -28"><span class='ocrx_word' id='word_1_95' title='bbox 240 2327 357 2411; x_wconf 91' lang='lat' dir='ltr'><strong>utque</strong></span> <span class='ocrx_word' id='word_1_96' title='bbox 375 2309 490 2384; x_wconf 87' lang='lat' dir='ltr'><strong>futuri</strong></span> <span class='ocrx_word' id='word_1_97' title='bbox 514 2309 711 2410; x_wconf 81' lang='lat' dir='ltr'><strong>conjuges,</strong></span> <span class='ocrx_word' id='word_1_98' title='bbox 741 2312 769 2384; x_wconf 91' lang='lat' dir='ltr'><strong>si</strong></span> <span class='ocrx_word' id='word_1_99' title='bbox 791 2324 1025 2384; x_wconf 86' lang='lat' dir='ltr'><strong>contractum</strong></span> <span class='ocrx_word' id='word_1_100' title='bbox 1051 2291 1218 2412; x_wconf 68' lang='lat' dir='ltr'><strong>nuptiale</strong></span> 
     </span>
     <span class='ocr_line' id='line_1_18' title="bbox 239 2415 1220 2528; baseline 0 -29"><span class='ocrx_word' id='word_1_101' title='bbox 239 2454 318 2501; x_wconf 92' lang='lat' dir='ltr'><strong>non</strong></span> <span class='ocrx_word' id='word_1_102' title='bbox 334 2426 502 2522; x_wconf 85' lang='lat' dir='ltr'><strong>fecerint,</strong></span> <span class='ocrx_word' id='word_1_103' title='bbox 512 2426 708 2499; x_wconf 87' lang='lat' dir='ltr'><strong>occasione</strong></span> <span class='ocrx_word' id='word_1_104' title='bbox 721 2415 981 2499; x_wconf 80' lang='lat' dir='ltr'><strong>celebrationis</strong></span> <span class='ocrx_word' id='word_1_105' title='bbox 990 2427 1220 2528; x_wconf 87' lang='lat' dir='ltr'><strong>nuptiarum,</strong></span> 
     </span>
     <span class='ocr_line' id='line_1_19' title="bbox 241 2537 1220 2640; baseline -0.005 -25"><span class='ocrx_word' id='word_1_106' title='bbox 241 2567 370 2615; x_wconf 89' lang='lat' dir='ltr'><strong>coram</strong></span> <span class='ocrx_word' id='word_1_107' title='bbox 412 2539 620 2640; x_wconf 79' lang='lat' dir='ltr'><strong>Magistratu</strong></span> <span class='ocrx_word' id='word_1_108' title='bbox 647 2537 758 2610; x_wconf 78' lang='lat' dir='ltr'><strong>statiis</strong></span> <span class='ocrx_word' id='word_1_109' title='bbox 790 2537 917 2624; x_wconf 92' lang='lat' dir='ltr'><strong>civilis,</strong></span> <span class='ocrx_word' id='word_1_110' title='bbox 945 2538 1080 2637; x_wconf 82' lang='lat' dir='ltr'><strong>eligere</strong></span> <span class='ocrx_word' id='word_1_111' title='bbox 1105 2538 1220 2610; x_wconf 91' lang='lat' dir='ltr'><strong>debe-</strong></span> 
     </span>
     <span class='ocr_line' id='line_1_20' title="bbox 241 2651 1223 2752; baseline -0.005 -23"><span class='ocrx_word' id='word_1_112' title='bbox 241 2672 348 2746; x_wconf 88' lang='lat' dir='ltr'><strong>rent,</strong></span> <span class='ocrx_word' id='word_1_113' title='bbox 391 2653 596 2727; x_wconf 89' lang='lat' dir='ltr'><strong>secundum</strong></span> <span class='ocrx_word' id='word_1_114' title='bbox 636 2678 839 2752; x_wconf 85' lang='lat' dir='ltr'><strong>quamnam</strong></span> <span class='ocrx_word' id='word_1_115' title='bbox 887 2651 1020 2724; x_wconf 88' lang='lat' dir='ltr'><strong>harum</strong></span> <span class='ocrx_word' id='word_1_116' title='bbox 1056 2677 1223 2725; x_wconf 91' lang='lat' dir='ltr'><strong>commu·</strong></span> 
     </span>
     <span class='ocr_line' id='line_1_21' title="bbox 175 2764 1221 2857; baseline -0.011 -13"><span class='ocrx_word' id='word_1_117' title='bbox 175 2841 177 2844; x_wconf 83' lang='grc'><em>,</em></span> <span class='ocrx_word' id='word_1_118' title='bbox 241 2770 399 2841; x_wconf 90' lang='lat' dir='ltr'><strong>nionum</strong></span> <span class='ocrx_word' id='word_1_119' title='bbox 421 2768 697 2839; x_wconf 87' lang='lat' dir='ltr'><strong>matrimonium</strong></span> <span class='ocrx_word' id='word_1_120' title='bbox 730 2765 948 2840; x_wconf 86' lang='lat' dir='ltr'><strong>contrahere</strong></span> <span class='ocrx_word' id='word_1_121' title='bbox 979 2764 1142 2857; x_wconf 82' lang='lat' dir='ltr'><strong>vellent3</strong></span> <span class='ocrx_word' id='word_1_122' title='bbox 1165 2765 1221 2836; x_wconf 92' lang='lat' dir='ltr'><strong>sin</strong></span> 
     </span>
     <span class='ocr_line' id='line_1_22' title="bbox 240 2877 1221 2974; baseline 0 -23"><span class='ocrx_word' id='word_1_123' title='bbox 240 2905 332 2952; x_wconf 82' lang='lat' dir='ltr'><strong>vero</strong></span> <span class='ocrx_word' id='word_1_124' title='bbox 359 2903 446 2950; x_wconf 86' lang='lat' dir='ltr'><strong>casu</strong></span> <span class='ocrx_word' id='word_1_125' title='bbox 464 2877 628 2974; x_wconf 87' lang='lat' dir='ltr'><strong>quodam</strong></span> <span class='ocrx_word' id='word_1_126' title='bbox 639 2877 718 2948; x_wconf 89' lang='lat' dir='ltr'><strong>haec</strong></span> <span class='ocrx_word' id='word_1_127' title='bbox 733 2877 933 2963; x_wconf 85' lang='lat' dir='ltr'><strong>declaratio</strong></span> <span class='ocrx_word' id='word_1_128' title='bbox 948 2881 1080 2950; x_wconf 89' lang='lat' dir='ltr'><strong>omissa</strong></span> <span class='ocrx_word' id='word_1_129' title='bbox 1093 2878 1221 2966; x_wconf 82' lang='lat' dir='ltr'><strong>fucrit,</strong></span> 
     </span>
     <span class='ocr_line' id='line_1_23' title="bbox 243 2985 1223 3089; baseline -0.004 -21"><span class='ocrx_word' id='word_1_130' title='bbox 243 2994 529 3068; x_wconf 87' lang='lat' dir='ltr'><strong>observarentur</strong></span> <span class='ocrx_word' id='word_1_131' title='bbox 544 2988 815 3089; x_wconf 86' lang='lat' dir='ltr'><strong>dispositiones,</strong></span> <span class='ocrx_word' id='word_1_132' title='bbox 833 3015 916 3089; x_wconf 88' lang='lat' dir='ltr'><strong>quae</strong></span> <span class='ocrx_word' id='word_1_133' title='bbox 936 2985 1035 3064; x_wconf 83' lang='lat' dir='ltr'><strong>circa</strong></span> <span class='ocrx_word' id='word_1_134' title='bbox 1050 3018 1223 3065; x_wconf 89' lang='lat' dir='ltr'><strong>commu-</strong></span> 
     </span>
     <span class='ocr_line' id='line_1_24' title="bbox 218 3091 1222 3200; baseline 0.001 -21"><span class='ocrx_word' id='word_1_135' title='bbox 218 3091 224 3101; x_wconf 33' lang='lat'><strong>*</strong></span> <span class='ocrx_word' id='word_1_136' title='bbox 243 3107 396 3182; x_wconf 90' lang='lat' dir='ltr'><strong>nionem</strong></span> <span class='ocrx_word' id='word_1_137' title='bbox 413 3103 650 3200; x_wconf 79' lang='lat' dir='ltr'><strong>indefinitam,</strong></span> <span class='ocrx_word' id='word_1_138' title='bbox 667 3101 874 3174; x_wconf 84' lang='lat' dir='ltr'><strong>constitutae</strong></span> <span class='ocrx_word' id='word_1_139' title='bbox 891 3118 1022 3175; x_wconf 87' lang='lat' dir='ltr'><strong>essent.</strong></span> <span class='ocrx_word' id='word_1_140' title='bbox 1054 3105 1091 3178; x_wconf 89' lang='lat' dir='ltr'><em>V</em></span> <span class='ocrx_word' id='word_1_141' title='bbox 1087 3105 1133 3177; x_wconf 79' lang='lat' dir='ltr'><strong>id.</strong></span> <span class='ocrx_word' id='word_1_142' title='bbox 1152 3121 1222 3180; x_wconf 86' lang='lat' dir='ltr'><strong>art.</strong></span> 
     </span>
     <span class='ocr_line' id='line_1_25' title="bbox 244 3214 1221 3318; baseline -0.002 -24"><span class='ocrx_word' id='word_1_143' title='bbox 244 3223 316 3313; x_wconf 69' lang='lat'><strong>246</strong></span> <span class='ocrx_word' id='word_1_144' title='bbox 334 3235 371 3292; x_wconf 82' lang='lat' dir='ltr'><strong>et</strong></span> <span class='ocrx_word' id='word_1_145' title='bbox 385 3245 481 3318; x_wconf 81' lang='lat' dir='ltr'><strong>seqq.</strong></span> <span class='ocrx_word' id='word_1_146' title='bbox 494 3222 627 3312; x_wconf 83' lang='lat' dir='ltr'><strong>prioris</strong></span> <span class='ocrx_word' id='word_1_147' title='bbox 645 3220 859 3314; x_wconf 83' lang='lat' dir='ltr'><strong>speciminis.</strong></span> <span class='ocrx_word' id='word_1_148' title='bbox 877 3214 997 3290; x_wconf 83' lang='lat' dir='ltr'><strong>Valde</strong></span> <span class='ocrx_word' id='word_1_149' title='bbox 1019 3215 1129 3291; x_wconf 90' lang='lat' dir='ltr'><strong>nobis</strong></span> <span class='ocrx_word' id='word_1_150' title='bbox 1149 3217 1221 3292; x_wconf 90' lang='lat' dir='ltr'><strong>boc</strong></span> 
     </span>
     <span class='ocr_line' id='line_1_26' title="bbox 243 3319 1221 3432; baseline -0.001 -27"><span class='ocrx_word' id='word_1_151' title='bbox 243 3330 450 3407; x_wconf 89' lang='lat' dir='ltr'><strong>remedium</strong></span> <span class='ocrx_word' id='word_1_152' title='bbox 467 3329 685 3432; x_wconf 87' lang='lat' dir='ltr'><strong>placuisset,</strong></span> <span class='ocrx_word' id='word_1_153' title='bbox 704 3344 882 3415; x_wconf 89' lang='lat' dir='ltr'><strong>attamen,</strong></span> <span class='ocrx_word' id='word_1_154' title='bbox 904 3319 1221 3430; x_wconf 86' lang='lat' dir='ltr'><strong>quemadmodum</strong></span> 
     </span>
     <span class='ocr_line' id='line_1_27' title="bbox 243 3444 1221 3546; baseline 0.001 -27"><span class='ocrx_word' id='word_1_155' title='bbox 243 3447 340 3520; x_wconf 80' lang='lat' dir='ltr'><strong>infra</strong></span> <span class='ocrx_word' id='word_1_156' title='bbox 362 3445 589 3538; x_wconf 82' lang='lat' dir='ltr'><strong>videbimus,</strong></span> <span class='ocrx_word' id='word_1_157' title='bbox 606 3471 685 3520; x_wconf 90' lang='lat' dir='ltr'><strong>non</strong></span> <span class='ocrx_word' id='word_1_158' title='bbox 712 3444 821 3546; x_wconf 89' lang='lat' dir='ltr'><strong>plane</strong></span> <span class='ocrx_word' id='word_1_159' title='bbox 846 3445 1021 3518; x_wconf 86' lang='lat' dir='ltr'><strong>remansit</strong></span> <span class='ocrx_word' id='word_1_160' title='bbox 1046 3447 1085 3517; x_wconf 93' lang='lat' dir='ltr'><strong>in</strong></span> <span class='ocrx_word' id='word_1_161' title='bbox 1101 3458 1221 3546; x_wconf 89' lang='lat' dir='ltr'><strong>poste·</strong></span> 
     </span>
     <span class='ocr_line' id='line_1_28' title="bbox 242 3556 1221 3661; baseline 0 -29"><span class='ocrx_word' id='word_1_162' title='bbox 242 3563 334 3635; x_wconf 83' lang='lat' dir='ltr'><strong>riori</strong></span> <span class='ocrx_word' id='word_1_163' title='bbox 355 3559 572 3661; x_wconf 88' lang='lat' dir='ltr'><strong>specimine,</strong></span> <span class='ocrx_word' id='word_1_164' title='bbox 595 3560 698 3659; x_wconf 91' lang='lat' dir='ltr'><strong>quod</strong></span> <span class='ocrx_word' id='word_1_165' title='bbox 717 3559 793 3656; x_wconf 84' lang='lat' dir='ltr'><strong>jam</strong></span> <span class='ocrx_word' id='word_1_166' title='bbox 813 3556 859 3629; x_wconf 93' lang='lat' dir='ltr'><strong>ab</strong></span> <span class='ocrx_word' id='word_1_167' title='bbox 880 3557 1082 3633; x_wconf 89' lang='lat' dir='ltr'><strong>Ordinibus</strong></span> <span class='ocrx_word' id='word_1_168' title='bbox 1102 3584 1221 3657; x_wconf 83' lang='lat' dir='ltr'><strong>gene-</strong></span> 
     </span>
     <span class='ocr_line' id='line_1_29' title="bbox 243 3674 1170 3779; baseline 0.001 -29"><span class='ocrx_word' id='word_1_169' title='bbox 243 3680 382 3751; x_wconf 90' lang='lat' dir='ltr'><strong>ralibus</strong></span> <span class='ocrx_word' id='word_1_170' title='bbox 395 3692 589 3779; x_wconf 85' lang='lat' dir='ltr'><strong>acceptum</strong></span> <span class='ocrx_word' id='word_1_171' title='bbox 608 3692 644 3751; x_wconf 88' lang='lat' dir='ltr'><strong>et</strong></span> <span class='ocrx_word' id='word_1_172' title='bbox 663 3704 684 3751; x_wconf 88' lang='lat' dir='ltr'><strong>a</strong></span> <span class='ocrx_word' id='word_1_173' title='bbox 704 3677 799 3776; x_wconf 79' lang='lat' dir='ltr'><strong>Rege</strong></span> <span class='ocrx_word' id='word_1_174' title='bbox 819 3674 1092 3775; x_wconf 87' lang='lat' dir='ltr'><strong>promulgatum</strong></span> <span class='ocrx_word' id='word_1_175' title='bbox 1106 3691 1170 3751; x_wconf 86' lang='lat' dir='ltr'><strong>est.</strong></span> 
     </span>
    </p>
   </div>
   <div class='ocr_carea' id='block_1_3' title="bbox 179 3838 1224 4171">
    <p class='ocr_par' dir='ltr' id='par_1_4' title="bbox 179 3838 1224 4171">
     <span class='ocr_line' id='line_1_30' title="bbox 179 3838 1224 3939; baseline 0.001 -25"><span class='ocrx_word' id='word_1_176' title='bbox 179 3852 181 3856; x_wconf 80' lang='grc'>’</span> <span class='ocrx_word' id='word_1_177' title='bbox 294 3844 475 3915; x_wconf 87' lang='lat' dir='ltr'><strong>Caeterum</strong></span> <span class='ocrx_word' id='word_1_178' title='bbox 505 3840 573 3916; x_wconf 93' lang='lat' dir='ltr'><strong>sub</strong></span> <span class='ocrx_word' id='word_1_179' title='bbox 606 3840 729 3939; x_wconf 86' lang='lat' dir='ltr'><strong>judice</strong></span> <span class='ocrx_word' id='word_1_180' title='bbox 759 3838 877 3911; x_wconf 90' lang='lat' dir='ltr'><strong>adbuc</strong></span> <span class='ocrx_word' id='word_1_181' title='bbox 905 3838 948 3908; x_wconf 92' lang='lat' dir='ltr'><strong>lis</strong></span> <span class='ocrx_word' id='word_1_182' title='bbox 977 3852 1048 3926; x_wconf 89' lang='lat' dir='ltr'><strong>est,</strong></span> <span class='ocrx_word' id='word_1_183' title='bbox 1082 3866 1129 3912; x_wconf 86' lang='lat' dir='ltr'><strong>an</strong></span> <span class='ocrx_word' id='word_1_184' title='bbox 1165 3844 1224 3915; x_wconf 92' lang='lat' dir='ltr'><strong>in-</strong></span> 
     </span>
     <span class='ocr_line' id='line_1_31' title="bbox 246 3951 1221 4058; baseline 0.003 -32"><span class='ocrx_word' id='word_1_185' title='bbox 246 3957 446 4054; x_wconf 88' lang='lat' dir='ltr'><strong>criptiones</strong></span> <span class='ocrx_word' id='word_1_186' title='bbox 462 3956 499 4025; x_wconf 93' lang='lat' dir='ltr'><strong>in</strong></span> <span class='ocrx_word' id='word_1_187' title='bbox 515 3954 618 4026; x_wconf 90' lang='lat' dir='ltr'><strong>libris</strong></span> <span class='ocrx_word' id='word_1_188' title='bbox 642 3952 781 4052; x_wconf 91' lang='lat' dir='ltr'><strong>publici</strong></span> <span class='ocrx_word' id='word_1_189' title='bbox 800 3953 881 4024; x_wconf 82' lang='lat' dir='ltr'><strong>aeris</strong></span> <span class='ocrx_word' id='word_1_190' title='bbox 896 3951 1007 4023; x_wconf 88' lang='lat' dir='ltr'><strong>alieni</strong></span> <span class='ocrx_word' id='word_1_191' title='bbox 1031 3953 1221 4058; x_wconf 89' lang='lat' dir='ltr'><strong>(inschrij-</strong></span> 
     </span>
     <span class='ocr_line' id='line_1_32' title="bbox 245 4063 1224 4171; baseline 0.013 -36"><span class='ocrx_word' id='word_1_192' title='bbox 245 4067 378 4166; x_wconf 77' lang='lat' dir='ltr'><strong>ringen</strong></span> <span class='ocrx_word' id='word_1_193' title='bbox 393 4095 443 4167; x_wconf 95' lang='lat' dir='ltr'><strong>op</strong></span> <span class='ocrx_word' id='word_1_194' title='bbox 466 4065 718 4168; x_wconf 81' lang='lat' dir='ltr'><strong>grootboelren</strong></span> <span class='ocrx_word' id='word_1_195' title='bbox 736 4092 807 4140; x_wconf 88' lang='lat' dir='ltr'><strong>van</strong></span> <span class='ocrx_word' id='word_1_196' title='bbox 820 4063 991 4167; x_wconf 86' lang='lat' dir='ltr'><strong>publieke</strong></span> <span class='ocrx_word' id='word_1_197' title='bbox 1004 4068 1134 4143; x_wconf 88' lang='lat' dir='ltr'><strong>schuld</strong></span> <span class='ocrx_word' id='word_1_198' title='bbox 1150 4075 1166 4171; x_wconf 84' lang='lat'><strong><em>)</em></strong></span> <span class='ocrx_word' id='word_1_199' title='bbox 1184 4089 1224 4170; x_wconf 88' lang='lat' dir='ltr'><strong>et</strong></span> 
     </span>
    </p>
   </div>
   <div class='ocr_carea' id='block_1_4' title="bbox 0 0 1313 4724">
    <p class='ocr_par' dir='ltr' id='par_1_5' title="bbox 0 0 1313 4724">
     <span class='ocr_line' id='line_1_33' title="bbox 0 0 1313 4724; baseline 0 0"><span class='ocrx_word' id='word_1_200' title='bbox 0 0 1313 4724; x_wconf 95' lang='lat' dir='ltr'><strong> </strong></span> 
     </span>
    </p>
   </div>
  </div>
 </body>
</html>
