2596 4724
486 356 489 363 ’
592 332 814 490 (met

266 519 323 592 De
340 519 485 610 formis,
505 546 589 620 qnae
621 523 660 594 in
676 521 881 596 notionibus
900 521 1052 596 divortii
1064 523 1193 597 obser-

218 631 296 705 vari
314 630 467 722 debent,
488 648 569 734 aget
587 634 712 709 Codex
730 638 773 711 de
796 636 966 711 Methodo
979 639 1192 735 procedendi

218 751 258 820 in
286 741 405 821 causis
425 748 606 843 civilibus3
626 751 705 823 Aet.
727 754 761 824 8.
793 751 886 823 Cum
911 778 1001 826 vero
1024 750 1194 853 quaedam
1266 800 1274 821 f

191 957 197 963 ¹
219 857 476 961 dispositiones
495 862 589 947 sint,
611 889 693 961 quae
710 888 788 934 non
801 862 848 935 ad
866 863 1024 937 formam
1037 878 1193 950 tontum,

220 969 286 1043 sed
309 969 427 1068 adjus
452 971 648 1070 positivum
672 974 780 1047 etiam
798 977 1004 1073 pertinent,
1021 975 1096 1073 jem
1118 976 1191 1048 hoe

217 1081 305 1157 loeo
339 1109 466 1156 earum
499 1088 638 1160 mentio
674 1086 771 1162 tacta
802 1104 865 1163 est.
895 1091 952 1164 Sic
977 1117 1085 1179 uxor,
1119 1092 1194 1164 sive

220 1202 352 1291 actoris
374 1211 493 1295 partes
512 1213 593 1298 aget
604 1200 709 1286 ‚sive
726 1227 786 1275 oea
801 1202 867 1286 sit,
886 1204 975 1274 dum
988 1201 1032 1274 lis
1050 1205 1192 1304 egitur,

221 1306 448 1415 domicilium
467 1338 666 1387 commune
685 1312 816 1416 judicis
836 1307 1050 1390 auctoritate
1074 1316 1199 1389 relin-

221 1449 338 1524 quere
367 1441 506 1527 potest3
538 1427 699 1501 tribunal
718 1448 841 1502 autem
857 1416 1011 1502 domum
1027 1430 1190 1504 indicare

220 1535 346 1621 debet.
374 1565 457 1637 quae
487 1541 593 1614 uxori
615 1557 668 1614 est
689 1542 936 1615 inhabitanda.
957 1545 1039 1616 Art.
1059 1573 1093 1644 9.

268 1686 387 1757 Porro
405 1711 496 1758 uxor
515 1669 773 1758 alimentorum
786 1709 894 1758 causa
911 1686 1077 1784 pecuniae
1093 1711 1192 1758 sum-

218 1819 319 1868 mam
345 1811 471 1895 petere
499 1811 636 1898 potest,
655 1824 769 1897 quam
787 1796 897 1898 judex
921 1797 1064 1887 definit,
1086 1824 1192 1897 quae-

219 1929 294 2010 que
318 1937 338 1982 a
361 1911 513 2000 marito,
537 1910 626 1986 dum
650 1909 695 1985 lis
714 1912 845 2012 egitur,
866 1912 900 1986 ei
929 1909 1104 1987 solvenda
1124 1927 1189 1983 est.

218 2023 298 2095 Art.
324 2044 376 2096 10.
405 2023 487 2096 Hoc
512 2050 601 2098 vero
628 2022 850 2096 beneficium
869 2049 964 2097 uxor
988 2020 1192 2095 secundum

219 2135 506 2208 circumstantias
536 2139 703 2208 emittere
734 2151 870 2233 potest,
897 2136 925 2208 si
951 2136 1030 2207 sine
1059 2134 1192 2233 judicis

220 2249 453 2338 auctoritate,
467 2247 638 2335 domum,
659 2274 742 2352 quse
761 2248 829 2348 ipsi
846 2246 1100 2321 commorandi
1114 2273 1192 2347 gra-

220 2361 270 2433 tia
289 2360 447 2435 indicata
466 2379 540 2451 est,
563 2362 757 2464 relinquit,
783 2387 858 2463 quo
880 2388 983 2449 casu,
1005 2362 1033 2436 si
1052 2367 1127 2462 ugit
1155 2363 1193 2435 in
1252 2459 1255 2462 Ι

216 2472 375 2574 judicio,
408 2478 544 2576 poterit
563 2476 752 2577 prohiberi
778 2477 976 2576 quominus
1009 2477 1193 2551 actionem
1254 2548 1257 2553 .

218 2617 324 2667 suem
344 2589 495 2664 ulterius
517 2603 771 2693 prosequatur.
791 2591 826 2663 d.
844 2606 911 2662 art.
935 2591 1112 2663 10.Retio
1133 2591 1191 2660 vi-
1256 2682 1263 2693 ,
1295 2655 1297 2662 .

218 2707 339 2795 detur,
355 2707 457 2809 quod
474 2735 579 2798 uxor,
595 2705 759 2794 domum,
771 2731 853 2805 quoe
870 2703 936 2806 ipsi
946 2702 1104 2777 indicato
1118 2718 1189 2790 est,

218 2822 297 2896 sine
317 2820 409 2917 justa
430 2847 538 2893 eausa
558 2817 816 2920 relinquendo,
833 2844 1101 2917 saepenumero
1120 2817 1190 2892 de·

204 2930 1189 3029 'monstrat,semoribusessedissolutis‚atqueidcireo,
1291 2958 1296 2966 ’

217 3049 354 3152 quippe
374 3045 515 3120 servitiis
532 3043 589 3118 vel
607 3041 786 3118 adulterio
807 3039 927 3114 mariti
946 3043 1068 3115 minus
1087 3043 1188 3133 laesn,

220 3175 332 3264 quam
357 3161 386 3234 si
407 3155 561 3232 honeste
584 3184 621 3231 se
641 3169 799 3256 gereret,
820 3154 870 3229 ita
893 3152 1188 3232 'recte'fncultate
1244 3180 1246 3184 ’

216 3273 352 3376 privari
373 3287 503 3373 potest,
521 3272 703 3346 actionem
715 3271 848 3349 diutius
867 3286 996 3347 contra
1015 3270 1189 3346 maritum

215 3384 474 3496 prosequendi.

264 3530 433 3630 Denique
459 3527 621 3602 tribunal
652 3529 806 3603 domum
836 3528 1018 3619 indicens,
1049 3529 1087 3625 iu
1112 3552 1198 3632 qua*

34 3635 93 3721 ᾆ
214 3671 307 3722 uxor
324 3644 547 3719 commorari
559 3642 704 3744 debeat,
721 3643 841 3731 simui,
857 3644 883 3716 si
898 3645 1050 3745 petitum
1062 3639 1186 3729 fuerit,
1274 3722 1276 3727 ,

152 3768 155 3772 ’
216 3763 406 3862 designare
439 3773 575 3860 potest,
608 3751 755 3831 cuinam
776 3755 1110 3858 conjugum,dum
1142 3746 1185 3831 lis

214 3877 333 3978 egitur
351 3873 481 3963 ‚liberi
502 3874 572 3947 sint
591 3871 854 3950 committendi.
875 3874 956 3943 Art.
983 3895 1036 3940 tt.

261 4006 366 4078 Actio
380 4002 524 4077 divortii
536 4029 613 4076 non
629 4000 815 4104 suspendit
825 3999 905 4099 jure
919 3999 1056 4086 mariti,
1070 4025 1187 4098 quan-

215 4133 291 4195 tutu
312 4119 356 4194 ad
371 4119 727 4196 'administrationem
745 4118 932 4192 bonorum
956 4117 1097 4210 attinet3
1115 4142 1185 4221 po-
