2596 4724
467 394 470 401 .
663 308 790 405 (40)

284 435 334 528 e)
370 432 525 524 Quando
556 437 705 510 maritus
734 437 839 512 uxori
871 464 1090 514 consensum
1117 435 1208 515 dare

237 546 487 621 nullomodo
518 565 663 650 potest,
699 566 758 624 aut
791 555 940 653 quando
972 556 1043 629 hoc
1075 573 1210 629 contra⁴

237 662 349 761 ipsius
372 663 567 737 commoda
594 683 795 766 repugnat,
822 668 999 742 Tribunal
1034 667 1210 746 domicilii

237 779 451 876 conjugum,
470 778 575 848 uxori
596 775 803 850 concedere
819 793 939 879 potest
956 821 971 867 ,ι
988 795 1027 852 ut
1052 781 1090 851 in
1108 779 1209 879 judi-

236 891 296 962 cio
316 905 406 992 stet,
417 888 622 977 contrahat,
639 887 741 962 bona
759 889 1068 984 administratam
1086 921 1212 995 quam·

236 1025 384 1100 cunque
404 999 513 1104 aliam
527 1027 605 1073 rem
617 1017 727 1101 gerat.
747 1006 828 1078 Art.
849 1033 904 1080 12.

273 1160 336 1258 ·f)
364 1158 397 1228 Si
417 1159 568 1229 maritus
593 1156 750 1258 denegat
775 1149 996 1234 consensum
1012 1163 1135 1250 uxori,
1162 1162 1211 1235 ad

237 1273 396 1372 aliquam
422 1271 931 1370 obligationem’ineundam,
955 1291 1017 1349 aut
1044 1275 1089 1347 ad
1108 1289 1212 1349 stan-

237 1388 326 1459 dum
369 1388 405 1458 in
450 1384 618 1485 judicio,
654 1402 774 1486 potest
823 1388 901 1462 haec
938 1417 1132 1464 recurrere
1164 1391 1212 1463 ad

236 1499 399 1573 tribunal
432 1498 607 1571 domicilii
643 1501 882 1591 communis,
924 1501 970 1574 ad
1013 1503 1212 1604 impetran-

238 1614 324 1682 dam
346 1609 611 1681 auctoritatem.
631 1613 713 1682 Art.
740 1636 793 1683 to.

206 1823 209 1830 -
283 1777 338 1874 g)
363 1771 518 1864 Quando
548 1800 639 1846 uror
670 1798 843 1876 expresso
868 1777 926 1849 vel
957 1779 1068 1853 tacito
1089 1779 1211 1852 mariti

238 1902 420 1963 consensu
442 1883 591 1986 publice
607 1901 853 1960 mercaturam
883 1886 991 1979 facit,
1026 1905 1145 1990 potest
1173 1918 1213 1966 se

238 2000 447 2078 sinemariti
467 2025 646 2072 consensu
663 1998 708 2070 ad
725 2000 849 2072 omnia
867 2028 909 2074 ea
927 2001 1112 2102 obligare,
1130 2030 1213 2103 quac

239 2119 283 2190 ad
299 2113 564 2189 commercium
583 2139 689 2184 suum
701 2114 897 2212 pertinent;
915 2115 980 2187 sed
993 2132 1028 2188 et
1042 2117 1113 2189 hoe
1128 2143 1215 2190 casu

239 2233 359 2330 ipsum
393 2225 501 2298 etiam
532 2223 705 2295 maritum
733 2223 899 2325 obligat,
933 2227 960 2298 si
999 2229 1214 2302 communio

238 2343 429 2439 bonorum
469 2338 564 2410 inter
599 2335 774 2437 conjuges
805 2338 929 2411 locum
960 2337 1091 2428 habet3
1123 2367 1215 2414 uxor

243 2451 365 2531 autem
398 2450 545 2556 publice
574 2468 818 2525 mercaturam
854 2452 978 2529 facere
1018 2471 1214 2547 censetur,

241 2572 392 2678 quando
411 2568 674 2644 commercium
694 2566 767 2669 agit
785 2568 981 2670 separatim
1008 2597 1027 2640 a
1055 2571 1214 2660 marito;

183 2768 187 2778 ,
243 2696 273 2768 si
297 2713 385 2763 vero
405 2686 554 2758 maritus
568 2708 790 2758 consensum
815 2701 1104 2788 suum-revocet,
1122 2685 1216 2758 hanc

243 2833 347 2882 suam
356 2801 632 2874 revocationem
643 2799 763 2896 palam
776 2798 899 2875 facere
907 2816 1062 2876 tenetur.
1074 2806 1145 2877 Art
1162 2831 1173 2876 1
1186 2831 1214 2878 1.

293 2963 342 3036 Iis
358 2957 503 3034 casibus
531 2957 709 3053 exceptis,
749 2954 930 3056 quidquid
962 2984 1055 3056 uxor
1088 2978 1218 3036 contra

246 3078 359 3151 dictas
373 3071 515 3173 regulas
534 3070 664 3170 egerit,
688 3067 824 3141 nullius
849 3073 1027 3173 momenti
1051 3064 1216 3150 habetur.

245 3191 410 3267 Facultas
441 3202 562 3258 autem
589 3183 756 3284 petendi,
790 3198 829 3257 ut
854 3199 1009 3286 propter
1027 3186 1216 3264 defectum

246 3300 467 3381 auctoritatis
481 3300 598 3371 mariti
618 3297 677 3372 vel
705 3297 854 3398 judicis,
874 3300 965 3373 nulli
984 3301 1218 3378 declarentur

247 3435 348 3496 actus
359 3405 496 3500 uxoris,
513 3411 582 3486 soli
592 3412 768 3512 competit
779 3413 899 3501 uxori,
912 3416 1060 3505 marito,
1075 3442 1217 3490 eorum-

245 3561 319 3636 que
335 3528 549 3614 lreredibus;
569 3529 650 3599 Art.
670 3529 723 3620 14.
734 3541 770 3598 et
786 3527 814 3598 si
832 3543 916 3628 post
938 3529 1216 3604 dissolutionem

246 3640 467 3720 matrimonii
489 3664 582 3711 uxor
600 3637 879 3738 obligationem,
906 3641 983 3714 sine
1003 3645 1218 3719 auctoritate

245 3758 419 3858 requisita
456 3754 597 3840 initam,
636 3750 710 3824 sive
747 3767 877 3842 totam,
910 3753 984 3824 sive
1007 3773 1085 3851 ‘pro
1116 3772 1219 3855 parte

248 3884 483 3972 exsequatur,
496 3894 572 3941 non
592 3864 745 3967 amplius
763 3892 892 3968 rogare
911 3879 1050 3969 potest,
1071 3870 1218 3946 utnulla

248 3986 466 4062 declaretur.
477 3983 558 4055 Art.
581 3980 634 4054 15.
