2596 4724
491 292 492 303 i
565 276 708 444 tut

546 494 667 544 secuto
675 496 736 547 vlt.
826 492 829 497 ⁴

239 654 287 747 Ile
299 660 505 744 acceptatione
521 677 551 724 et
568 664 796 726 renunciatione
812 659 1041 729 commonente.

204 835 402 937 Postquam
415 840 628 914 communio
640 839 814 916 dissoluta
824 857 888 933 est,
900 840 1124 942 uxorejusve

154 942 311 1026 heredes
330 980 410 1027 eam
429 955 654 1057 acceptandi,
673 957 752 1029 eive
760 955 1002 1031 renunciandi
1014 952 1126 1028 facul·

154 1078 229 1139 tate
244 1068 425 1167 gaudent,
456 1073 505 1145 ita
530 1086 573 1145 ut
586 1073 706 1146 omnis
727 1072 910 1145 contraria
927 1069 1125 1142 conventio

155 1179 289 1254 nullius
313 1185 491 1257 momenti
508 1183 697 1257 habeatur.
718 1182 796 1255 Art.
813 1183 859 1254 38
878 1187 922 1254 tit
938 1179 1004 1250 VI·

153 1304 155 1309 ’
198 1294 345 1380 amittit
377 1327 500 1383 tamen
523 1335 617 1384 ttxor
647 1308 858 1384 facultatem
885 1304 1127 1381 renunciandi

155 1417 436 1514 communioni,
453 1472 456 1479 ,

145 1642 149 1651 .
204 1567 253 1654 ¹1⁰.
277 1553 477 1655 Postquam
497 1576 536 1628 se
549 1548 744 1626 immiscuit
761 1551 874 1627 rebus
890 1548 1128 1626 communio-²

155 1686 227 1755 tus;
248 1691 325 1739 non
347 1684 470 1743 autem
489 1693 528 1742 se
547 1668 786 1741 immiscuisse
801 1682 989 1754 censetur,
1010 1690 1126 1766 quum

155 1775 294 1873 aliquid
325 1783 475 1876 gesserit
497 1781 549 1849 ‘ad
574 1805 634 1851 res
660 1782 929 1851 communionis
949 1779 1127 1850 adminis-

155 1885 306 1960 trandas
323 1904 465 1962 tautum
483 1904 545 1961 aut
564 1888 843 1963 conservandas.
865 1889 940 1960 Art.
962 1890 1018 1987 39

207 2032 254 2088 2⁰.
281 2018 315 2090 Si
335 2014 377 2090 in*
389 2016 513 2117 aliquo
534 2017 777 2089 instrumento
800 2013 1016 2088 adsumserit
1031 2039 1127 2112 qua-

155 2124 294 2201 litatem
301 2130 462 2204 mulieris
474 2144 596 2229 nuptae
611 2129 647 2200 in
660 2125 1128 2216 communionebonorum,

157 2240 295 2314 etiamsi
354 2240 445 2314 illud
486 2256 570 2314 ante
613 2238 824 2314 confectum
883 2239 1127 2313 inventarium

154 2349 299 2442 fecerit,
326 2357 395 2426 nisi
427 2353 533 2424 dolus
568 2350 727 2424 adfuerit
754 2378 775 2422 a
800 2367 909 2449 perte
948 2353 1128 2427 heredum

155 2464 290 2561 mariti.
300 2465 375 2554 Art.
390 2466 446 2556 4ο.
458 2463 616 2562 Rogavit
630 2463 744 2536 sectio
756 2460 926 2562 quiedam
944 2462 1128 2538 Ordinum

158 2575 413 2663 Generalium‚
434 2601 549 2673 quare
568 2574 641 2646 hoc
660 2599 751 2662 non,
769 2575 862 2646 sicut
874 2571 956 2672 jure
971 2573 1128 2665 Gallico,

157 2690 270 2786 (Art.
297 2672 386 2782 1455
418 2688 500 2762 Cod.
534 2690 633 2785 Nap.
650 2688 806 2783 )locum
823 2700 965 2760 tantum
997 2688 1131 2763 habeat

156 2801 300 2873 ratione
322 2802 444 2874 uxoris
467 2800 644 2900 majoris?
668 2804 896 2901 Responsum
928 2800 1015 2890 fuit,
1042 2805 1131 2904 quia

157 2913 325 2987 nondum
358 2914 519 2988 decisum
547 2929 619 3003 est,
652 2942 699 2986 an
732 2915 863 2990 mulier
898 2933 1012 3019 nupta
1048 2919 1131 3020 jure

159 3045 285 3103 nostro
301 3055 445 3131 semper
462 3045 639 3129 tanquam
657 3039 773 3104 minor
788 3033 833 3138 sit
853 3033 1130 3108 consideranda.

161 3146 198 3218 Si
220 3144 316 3218 enim
337 3147 459 3215 minor
477 3159 619 3216 tantum
633 3157 773 3227 manet,
795 3140 971 3239 quamdiu
987 3160 1133 3222 aetatem

159 3259 287 3333 XXIII
321 3266 505 3331 annorum
541 3258 646 3358 (qua
682 3280 812 3330 omnes
850 3256 1018 3335 homines
1049 3260 1133 3362 jure

160 3373 309 3474 Belgica
341 3379 492 3473 majores
519 3370 683 3461 futuros,
703 3372 911 3447 verosimile
933 3392 1004 3463 est,
1023 3378 1133 3472 )n0n

161 3487 334 3588 implevit,
344 3487 485 3559 ratione
503 3484 582 3585 ejus
600 3485 674 3560 sive
685 3485 764 3587 ipso
778 3484 869 3587 jure*
878 3487 952 3561 sive
965 3513 1134 3588 expressa

160 3600 397 3702 dispositione
414 3598 460 3670 nd
478 3599 577 3673 hunc
592 3599 942 3698 casumpertinente,
954 3598 1131 3678 valebunt
1213 3590 1220 3596 ’

161 3716 284 3787 omnia
320 3712 533 3815 privilegia,
572 3713 705 3814 quibus
739 3714 898 3816 gaudent
932 3711 1129 3806 minores,¹

162 3826 323 3925 ideoque
342 3853 610 3926 supervacuum
633 3828 833 3914 visumst,
864 3825 1037 3902 hocloco
1056 3829 1136 3930 ejus
1228 3892 1231 3898 .

162 3940 465 4016 rei‘mentionem
483 3939 619 4022 fecere.
640 3947 677 4026 V
674 3946 713 4021 id
720 3945 881 4041 Respons
892 3944 942 4019 ud
953 3942 1134 4027 Observa.

92 4053 95 4057 ’
166 4066 235 4132 art.
259 4053 457 4149 dottWI.
1136 4049 1139 4056 ’
