2596 4724
645 341 790 443 (96)

91 554 95 559 ,
218 482 365 545 tenetur
382 470 478 547 ultra
495 469 685 564 dimidiam
701 488 854 573 partem3
875 469 951 544 Art.
972 470 1031 569 67,
1050 483 1086 544 et
1104 493 1202 542 uxor

220 584 265 654 ad
279 586 517 685 integrahaec
530 585 653 659 dehita
666 583 842 659 solvenda
853 583 1046 661 conveniri
1065 587 1195 684 potest,

221 698 320 772 salvo
354 700 431 800 ejus
463 726 632 800 regressu
666 699 839 772 adversus
870 701 1043 773 maritum
1074 695 1197 798 ejusve

220 810 391 905 heredes,
423 818 471 887 ad
503 814 693 889 dimidiam
721 814 863 914 partem
892 810 1197 915 recuperandam.

219 926 294 996 Art.
315 927 373 998 68.
396 926 502 998 Ratio
521 939 595 1012 est,
627 926 731 1024 quod
760 924 842 1024 jura
858 924 1106 1014 creditorum,
1134 919 1201 1022 qui

216 1063 305 1109 cum
341 1063 522 1137 persona,
557 1062 634 1109 sese
667 1037 738 1114 rite
784 1035 973 1137 ¹obligandi
1023 1035 1198 1111 facultate

217 1148 409 1249 gaudenti,
441 1150 541 1223 bona
567 1149 639 1223 fide
659 1164 939 1240 contraxerunt,
960 1148 1065 1223 nullo
1085 1148 1202 1224 modo

219 1266 337 1341 minui
353 1281 520 1365 possunt.

270 1426 435 1518 Diaimus
449 1422 602 1501 uxorem
619 1454 698 1500 non
710 1427 863 1501 ulterius
876 1426 1066 1502 conveniri
1079 1449 1202 1528 posse,

223 1561 335 1634 qivsm
352 1536 586 1636 prodimidia
599 1553 705 1637 parte
724 1537 937 1612 debitorum
955 1537 1201 1638 communio-

223 1648 280 1717 nis
293 1673 388 1732 ;·non
403 1662 525 1718 {nmen
542 1645 571 1717 si
588 1647 669 1745 plus
687 1646 834 1720 solverit
846 1703 855 1736 ,
866 1673 989 1745 neque
1003 1650 1041 1718 in
1057 1648 1201 1747 apocha

222 1759 394 1861 expresse
423 1759 563 1833 dictum
597 1760 663 1849 sil,
696 1759 790 1833 hanc
826 1760 1052 1834 solutionem
1079 1761 1202 1834 valere

226 1878 299 1974 pro
317 1871 470 1946 dimidia
494 1887 619 1974 parte,
640 1873 687 1948 de
711 1900 785 1979 qua
811 1897 903 1947 uxor
927 1889 1089 1963 tenetur,
1109 1900 1204 1974 por-

222 1992 367 2066 tionem
379 1989 618 2064 excedentem
634 2016 656 2061 a
670 1990 861 2064 creditore
875 2004 1046 2091 repetere
1062 2001 1205 2091 potcst;

100 2203 107 2212 .
227 2104 301 2178 Aa.
317 2129 387 2201 703
407 2101 478 2174 Sed
493 2103 647 2174 omnino
667 2116 787 2199 potest
807 2129 828 2174 a
850 2101 982 2173 marito
1003 2099 1207 2200 ejusve'he·

231 2213 393 2285 nedibus.
413 2213 563 2310 Argum.
586 2213 666 2285 Art.
688 2237 750 2312 72,
767 2220 804 2284 in
818 2214 904 2305 fine.

271 2375 311 2452 ..Si
336 2373 490 2474 conjux,
509 2379 569 2453 cai
592 2402 651 2452 res
670 2375 890 2464 immobilis,
914 2390 1068 2477 propter
1095 2372 1209 2452 debi-

227 2488 588 2568 tuncommunionis
600 2491 815 2594 hypothecae
830 2491 1004 2591 obligata,
1021 2489 1206 2563 divisione
1293 2549 1295 2554 .

227 2605 404 2705 contigit,
425 2602 472 2681 ad
496 2605 680 2707 integrum
703 2605 775 2680 hoc
792 2597 960 2678 debitum
985 2598 1206 2678 solvendum

226 2721 474 2807 convenitur,
494 2745 701 2818 regressum
727 2717 837 2792 hahet
855 2717 1031 2791 adversus
1051 2714 1205 2788 alterum

231 2830 450 2932 conjugem,
477 2831 604 2930 ejusve
637 2831 809 2918 heredes,
836 2831 883 2902 ad
913 2825 1211 2930 recuperandam

229 2942 420 3019 dimidiam
434 2940 539 3041 hujus
555 2941 671 3017 debiti
686 2955 842 3042 partem.
859 2943 935 3013 Art.
952 2967 1011 3040 71,

278 3118 565 3223 Dispositiones,
589 3140 681 3218 quas
698 3116 875 3190 hactenus
892 3113 1104 3204 retulimus,
1127 3141 1207 3189 non

118 3327 119 3331 Ἰ
233 3233 498 3334 impedimento
517 3247 621 3320 sunt,
637 3232 833 3330 quominus
852 3230 916 3303 uni
938 3228 1090 3304 alterive
1115 3256 1206 3304 con·

234 3346 382 3446 jugum,
395 3342 454 3415 vel
477 3367 606 3415 eorum
627 3340 846 3431 heredibus,
867 3338 1001 3415 effectu
1019 3339 1210 3417 divisionis

233 3460 412 3560 majorem
439 3483 552 3557 quam
580 3455 768 3529 dimidiam
797 3469 940 3555 partem
971 3451 1182 3528 debitorum
1198 3473 1219 3548 ,‘

221 3577 309 3662 imo
336 3562 475 3672 integra
503 3569 565 3641 illa
593 3569 759 3644 solvendi
791 3567 965 3669 obligatio
994 3565 1209 3661 incumbat;

234 3692 299 3764 sed
320 3685 489 3760 universe
508 3683 707 3760 tenendum
727 3699 801 3772 est,
821 3685 967 3784 quoties
986 3683 1067 3781 quis
1086 3681 1212 3782 majo-

231 3832 338 3889 rem,
369 3828 482 3901 quam
516 3799 718 3887 debuerat,
750 3799 963 3897 portionem
996 3792 1212 3873 debitorum

237 3915 510 4003 communionis
523 3913 633 3999 solvit
650 3972 659 4001 ,
678 3913 786 3994 toties
800 3910 903 3984 illum
920 3933 1131 4009 regressum
1144 3909 1212 3987 ha·

234 4033 342 4122 here,
360 4031 536 4119 adsersus
546 4029 716 4118 alterum,
730 4028 793 4130 qui
811 4041 956 4129 partem
970 4025 1216 4107 excedentem-
