2596 4724
426 477 429 482 ι
663 379 751 476 (υ
780 376 794 474 )

235 509 434 610 quominus
446 508 679 584 exhiberetur
699 509 982 592 instrumentum
1001 507 1210 593 nativitatis}

233 620 316 699 Art.
337 623 396 724 46.

279 768 570 850 lustramentum
582 770 777 846 nativitatis
791 784 910 878 potest
922 739 1032 844 etiam
1045 769 1209 874 suppleri

231 880 293 958 vel
309 880 558 958 declaratione
578 883 708 975 simili,
731 882 971 984 jurejurando
990 882 1209 965 confirmati

116 1067 119 1072 ,
230 1008 391 1094 quatuor
404 996 552 1071 illorum
567 997 733 1084 testium,
745 1022 839 1096 quos
859 996 1100 1072 celebrationi
1115 1023 1208 1097 nup·

230 1108 365 1182 tiorum
388 1110 513 1187 adesse
529 1110 667 1186 debere
693 1111 790 1183 infra
804 1108 1029 1198 videbimus,
1059 1111 1118 1186 vel
1137 1111 1209 1184 de-

231 1218 430 1298 claratione
454 1222 550 1297 facta
581 1223 626 1296 ab
655 1224 735 1324 ipso
755 1221 882 1296 futuro.
899 1221 1075 1324 conjuge,
1096 1237 1209 1323 atque

228 1330 358 1408 itidem
388 1335 630 1436 jurejurando
661 1333 898 1424 confirmati,
924 1362 962 1409 se
991 1362 1114 1436 neque
1147 1336 1209 1408 in*

229 1462 477 1524 strumentum
511 1449 730 1535 nativitatis,
761 1442 896 1547 neque
919 1448 1209 1522 declarationem

230 1549 379 1635 testium
397 1563 507 1657 (akte
528 1590 600 1634 van
619 1560 882 1657 belendheid)
900 1561 970 1634 sibi
990 1589 1209 1662 comparare

229 1674 410 1772 potuisse;
432 1719 478 1731 -
499 1673 720 1747 Alterutrius
739 1687 864 1748 autem
880 1674 1012 1746 harum
1034 1674 1208 1755 declara-

225 1785 372 1861 tionum
396 1789 701 1878 instrumentum,
735 1786 841 1888 quod
876 1786 937 1861 de·
954 1787 1208 1861 celebratione

227 1901 453 1974 matrimonii
469 1899 666 1976 conficitur
679 1959 689 1989 ,
702 1901 933 1975 mentionem
944 1898 1068 1973 facere
1084 1899 1209 1974 dehet

184 2065 186 2069 -
211 2025 214 2030 ’
231 2018 316 2096 Ανι,
336 2017 559 2109 46.»Εοᾶειη
575 2017 688 2089 etiam
705 2015 820 2088 modo
837 2015 1054 2115 supplentur
1064 2015 1206 2088 instru-

228 2142 353 2203 menta
371 2154 466 2226 quae
486 2127 692 2200 secundum
710 2127 788 2198 Art.
801 2127 853 2217 ,45
863 2183 877 2214 ,,
895 2143 935 2202 n⁰
963 2128 985 2198 5
1009 2128 1207 2227 requirun-

227 2255 308 2328 tur,
326 2255 367 2314 ut
385 2255 529 2317 constet
542 2239 590 2314 de
602 2255 723 2314 morte
742 2239 908 2328 illorum,
928 2264 1092 2340 quorum
1110 2269 1208 2317 con..

225 2379 383 2442 sensus,
417 2354 447 2429 si
484 2355 668 2446 viverent,
706 2353 990 2454 requiescetur,
1024 2356 1206 2459 siquidem

205 2495 207 2501 ·
228 2469 488 2544 contrahentes
506 2469 584 2570 ipsa
598 2467 690 2541 haec
705 2468 948 2544 instrumenta
965 2469 1070 2544 nullo
1090 2472 1207 2550 modo

145 2632 148 2637 ·
227 2585 402 2660 exhihere
420 2585 571 2684 possint.
588 2583 664 2657 Art.
683 2581 744 2682 47.

276 2729 520 2801 Observatum
536 2726 598 2800 hic
614 2742 676 2810 „est
695 2754 716 2799 a
737 2725 962 2802 sectionibus
984 2725 1210 2828 quibusdam¹

228 2839 410 2912 Ordinum
437 2837 692 2938 generalium,
717 2842 905 2911 neminem
926 2841 1049 2938 jurare
1067 2843 1208 2921 debere

228 2954 269 3026 in
293 2952 483 3052 propriam
511 2975 677 3041 causam3
699 2948 763 3022 sed
781 2974 1001 3053 responsum
1021 2967 1091 3043 est,
1111 2954 1207 3030 hano

168 3072 173 3078 ’
225 3052 317 3170 legis
341 3066 619 3168 dispositionem
641 3064 776 3139 factam
796 3090 874 3138 esse
900 3065 1104 3141 seeundum
1121 3096 1202 3148 seo·

228 3209 311 3256 sum
346 3180 537 3282 cujusdam
576 3180 762 3282 opinionis
795 3180 938 3265 consilii
968 3185 1208 3285 Imperatorii

227 3295 393 3392 Gallici(
418 3297 502 3372 Avis
523 3297 574 3370 do
600 3303 733 3370 eonseil
754 3296 863 3370 de'tat
882 3299 933 3370 du
951 3300 974 3394 4
994 3300 1213 3392 εήεηηίᾱον,.

224 3442 273 3490 an
309 3414 361 3487 13.
395 3412 497 3509 apud
530 3413 774 3488 Roudonueau
806 3403 890 3485 tom.
921 3412 990 3501 ΙΙΙ,
1013 3443 1097 3514 pag.
1127 3417 1206 3512 65.)

172 3513 183 3559 J
225 3557 335 3634 saepe
366 3529 466 3602 enim
495 3525 642 3617 accidit,
664 3542 704 3600 ut
729 3524 842 3611 futuri
878 3525 1054 3628 conjuges
1072 3531 1208 3603 instru-

225 3662 393 3719 mentum
418 3644 631 3730 uatiritatis,
661 3641 720 3722 vel
750 3644 909 3734 mortis,
946 3659 1007 3717 aut
1040 3644 1207 3728 declare-

224 3761 367 3835 tionem
394 3760 541 3840 testium
571 3757 626 3830 his
658 3757 705 3837 de
724 3757 853 3848 rebus,
885 3755 954 3831 sibi
983 3782 1200 3858 comparare

104 3918 106 3923 ,
216 3870 441 3975 *nequeam
462 3871 597 3945 durum
614 3870 724 3971 igitur
747 3869 866 3967 foret,
883 3871 911 3942 si
932 3869 1003 3943 hoo
1019 3897 1107 3946 casu
1126 3902 1204 3949 non

224 4001 375 4088 possent
388 3987 665 4069 matrimonium
674 3985 776 4059 inire.
789 3987 983 4060 Praeterae
995 3982 1205 4064 saturione,

224 4099 326 4204 juges
346 4125 472 4173 revera
493 4127 570 4181 non
586 4114 670 4177 sunt
681 4091 788 4173 testes
808 4098 845 4170 in
864 4125 926 4175 sua
946 4125 1067 4194 causa,
1081 4099 1204 4210 neque
