2596 4724
158 525 237 598 Aa.
255 531 280 603 6
298 530 362 628 (“),
382 530 446 604 Vis
470 530 693 604 auctoritatis
713 527 891 625 emerito
909 526 1012 600 uxori
1028 546 1125 598 cou-

159 661 284 730 cessae,
302 645 440 718 etiamsi
461 656 651 723 contractu
678 638 831 742 nuptiali
859 667 941 712 eam
960 637 1124 738 stipulata

157 750 204 821 sit
218 780 328 842 uxor,
346 783 420 829 non
446 768 566 855 potest
580 754 758 827 excedere
777 751 1126 825 administrationem

146 861 343 953 ,bonorum
356 870 467 968 ipsius
479 867 615 940 uxoris.
631 868 709 940 Art.
732 867 786 940 13.

207 994 255 1063 3⁰.
281 997 402 1084 Uxor,
418 996 503 1069 licet
523 997 713 1085 inteream
728 997 947 1068 etmaritum
961 1019 1039 1067 non
1059 991 1128 1064 ad-

117 1173 123 1189 ,
158 1105 203 1178 sit
231 1106 418 1182 bonorum
438 1111 674 1198 communio,
715 1109 775 1182 vel
793 1109 971 1210 separatio
1006 1108 1131 1180 bono-

156 1245 241 1290 rum
268 1224 454 1314 obtineat,
489 1240 551 1297 aut
582 1222 667 1297 licet
698 1220 845 1323 publice
882 1235 1128 1296 mercaturam

157 1329 284 1425 faciat,
308 1364 384 1410 non
401 1355 519 1440 potest
536 1352 631 1412 stare
656 1339 694 1409 in
713 1335 852 1436 judicio
865 1338 943 1410 sinc
958 1359 1126 1435 expressa

157 1451 279 1541 mari-ti
309 1454 544 1539 auctoritate,
587 1477 670 1551 quae
685 1450 811 1524 adesse
831 1451 1079 1548 praesumitur,
1099 1447 1129 1519 si

158 1564 310 1635 maritus
329 1564 555 1664 conjunctim
583 1590 668 1636 cum
701 1563 761 1669 illa
783 1565 822 1634 in
851 1563 908 1661 jus
939 1562 1127 1663 procedat.

157 1677 227 1747 Art
244 1679 277 1748 8.

206 1803 388 1904 Aquibus
402 1821 526 1879 tamen
551 1804 686 1907 regulis
704 1803 760 1876 hae
780 1818 864 1878 sunt
880 1803 1129 1904 exceptiones:

207 1963 229 2007 a
245 1937 260 2033 )
279 1937 416 2026 Uxori,
433 1937 529 2010 inter
548 1963 661 2037 quam
680 1950 716 2010 et
730 1935 901 2008 maritum
914 1933 1130 2018 bonorum,

158 2048 217 2120 vel
251 2048 347 2121 thori
390 2063 426 2121 et
452 2073 588 2120 mensae
628 2048 809 2147 separatio
850 2047 972 2121 locum
1001 2047 1130 2133 habet,

90 2242 92 2247 ⁴
158 2177 303 2261 potest,
331 2185 414 2232 non
442 2159 609 2233 obstante
634 2171 702 2232 Art
728 2160 753 2232 6
776 2166 819 2233 rit
845 2161 906 2248 V,
944 2185 965 2228 a
1009 2158 1131 2257 judice

160 2275 376 2348 auctoritate
401 2274 562 2376 generali
583 2274 763 2376 permitti,
793 2290 834 2349 ut
863 2275 909 2348 de
932 2274 1040 2348 bonis
1059 2276 1134 2348 suis

158 2391 359 2470 mobilibus
376 2389 545 2492 disponat
561 2391 620 2488 (†)
640 2392 726 2483 vid,
747 2407 814 2463 art.
847 2418 889 2466 10
919 2398 972 2464 ur.
991 2390 1067 2475 VII,
1090 2393 1133 2464 de

202 2735 243 2813 (⁹)
264 2738 337 2797 Jure
358 2738 496 2796 Romano
517 2756 598 2795 uxor
622 2741 746 2814 poterat
764 2730 951 2793 contrahere
975 2729 1041 2791 siue
1061 2751 1136 2791 con·

161 2849 254 2888 seusu
270 2828 391 2903 mariti,
410 2831 559 2910 quoniam
573 2830 632 2907 ipsi
648 2830 779 2902 licebat,
791 2830 858 2888 sine
868 2827 935 2905 ejus
948 2829 1133 2890 auctoritate

161 2922 364 2984 donationem
389 2925 513 2998 facere;
530 2925 585 3005 qui
608 2931 696 2982 actus
720 2924 780 3002 ipsi
807 2944 880 2983 sane
908 2932 976 2984 erat
999 2926 1135 2988 maxime

162 3022 303 3082 omnium
327 3041 480 3084 onerosus
495 3031 590 3103 atque
619 3019 796 3104 damnosus.
819 3021 899 3089 conf.
914 3022 938 3107 l.
952 3022 985 3084 6.
1004 3021 1080 3083 Cod.
1096 3024 1142 3087 de>

160 3119 339 3182 Revocaurl.
353 3120 457 3181 donat.

203 3235 251 3314 (ᾧ)
279 3233 450 3294 Emendate
477 3234 530 3296 bic
557 3243 604 3298 est
636 3234 832 3310 antinomia,
861 3258 928 3318 quae
956 3237 989 3296 in
1019 3236 1135 3300 Codice

163 3332 283 3395 Gallico
300 3332 459 3394 invenitur
474 3333 558 3396 inter
571 3347 631 3395 art.
646 3354 703 3416 ²¹7
719 3343 752 3394 et
771 3331 857 3416 ¹449·
874 3334 962 3395 Illius
977 3335 1061 3396 enim
1073 3335 1138 3398 haec

163 3440 236 3492 sunt
250 3431 345 3493 verba
360 3453 367 3490 :
383 3433 415 3491 la
429 3433 545 3510 femme
562 3435 653 3492 arbua
674 3451 735 3494 ron
760 3451 934 3510 couuuna,
948 3454 988 3495 ou
1006 3439 1139 3494 suranna

163 3551 205 3592 nn
220 3550 306 3592 amns
318 3554 357 3592 ne
373 3545 444 3613 peut
460 3531 593 3607 donner,
609 3533 742 3607 alic'ner,
755 3532 980 3615 hypotbe‘quer,
995 3533 1140 3611 arqutirr'r

163 3633 184 3690 ῖι
198 3633 266 3690 titre
279 3631 394 3712 gratuit
405 3651 443 3691 ou
453 3630 589 3691 onereux
604 3653 694 3705 ,sarrs
710 3631 738 3690 lc
753 3651 900 3691 ιὀηεοιινεΙ
911 3631 954 3690 du
966 3633 1047 3693 mari
1058 3631 1138 3694 dans

162 3729 273 3802 l'arte,
289 3749 328 3788 ou
347 3749 400 3789 sou
412 3740 701 3808 consenteruerrtpar
712 3729 797 3789 e'rrit.
814 3729 861 3788 Ex
873 3727 934 3788 hoc
955 3728 1050 3810 igitur
1066 3728 1136 3792 loco

150 3830 295 3896 constat,
311 3844 441 3908 uxorem
457 3822 539 3882 inter
554 3843 646 3903 quam
660 3833 691 3884 et
704 3823 851 3885 maritum
864 3823 1135 3910 separatio'bono·

163 3940 236 3980 rum
251 3919 388 3993 obtinet,
403 3920 491 3981 nullo
508 3939 583 3980 casu
605 3908 672 3982 siue
699 3920 767 4003 ejus
792 3941 948 3982 consensu
973 3921 1055 3984 bona
1074 3945 1129 3984 sua

165 4015 231 4077 sine
259 4016 441 4078 discrimine
458 4019 561 4080 sintne
593 4019 731 4093 mobilia,
757 4040 794 4077 au
824 4018 1015 4097 immobilia,
1039 4041 1132 4102 posse

161 4111 313 4177 alienare.
325 4113 393 4179 Art.
409 4113 604 4204 aaremrl49
613 4116 657 4180 ita
670 4136 703 4180 se
718 4116 821 4180 habet.
835 4115 998 4200 Lafemme
1011 4119 1136 4200 re'pore'e
