2596 4724
166 554 316 616 eorum,
345 552 416 626 pro
447 550 518 596 non
540 524 709 620 legitimis
734 508 960 604 habeantur,
987 531 1138 619 propter

165 640 285 714 solam
300 642 498 722 rationem,
513 634 615 736 quod
630 660 708 708 non
727 630 927 707 exhibitum
945 629 989 703 sit
1000 632 1138 726 instru-

167 771 350 846 mentum,
373 782 393 829 e
418 780 494 854 quo
511 765 653 825 constat
677 747 724 822 de
748 746 997 821 celebratione
1013 746 1139 817 matri-

166 870 279 940 monii
291 885 487 969 parentum
499 865 771 949 defunctorum,
785 857 988 931 dummodo
1002 858 1140 931 scilicet

164 981 202 1054 hi
246 982 393 1082 publice
430 977 743 1083 quemadmodum
783 975 934 1050 maritus
978 992 1013 1049 et
1047 1002 1138 1050 uxor

165 1096 332 1171 vixerint.
351 1099 429 1172 Art.
449 1097 505 1196 76.

199 1243 262 1323 pat.
288 1227 324 1297 Si
356 1226 489 1323 falsum
508 1225 789 1298 instrumentum
821 1239 876 1296 est
903 1222 1136 1296 substitutum

163 1364 271 1426 vero,
292 1355 353 1412 aut
376 1365 504 1415 verum
524 1339 807 1411 instrumentum
824 1351 1019 1424 mutatum,
1037 1335 1136 1409 lace-

160 1465 303 1541 ratum,
333 1453 559 1527 destructum
583 1450 642 1524 vel
672 1449 916 1536 subtractum,
937 1446 1132 1536 sententia,

83 1608 86 1615 =
161 1589 235 1665 qua
253 1594 337 1641 reus
356 1583 511 1667 propter·
526 1564 659 1637 falsum
678 1561 768 1635 illud
781 1561 1045 1636 condemnatus
1062 1577 1131 1648 est,

160 1677 198 1749 in
228 1678 331 1753 libris
360 1680 471 1753 statds
501 1677 614 1752 civilis
648 1676 840 1778 inscripta,
876 1675 1032 1750 eandem
1059 1679 1135 1751 vim

158 1791 400 1877 nanciscitur,
417 1816 529 1888 quam
543 1790 728 1860 habuisset
740 1790 1027 1863 instrumentum·
1037 1793 1135 1865 eele-

161 1899 341 1974 brationis
371 1901 603 2000 nuptiarum,
633 1916 668 1971 et
699 1902 975 1972 matrimonium
1008 1931 1029 1973 a
1056 1904 1133 1992 die,

160 2039 236 2114 quo
257 2013 484 2089 celebratum
499 2030 568 2103 est,
588 2040 719 2088 omnes
741 2013 891 2088 effectus
909 2014 1032 2103 habet,
1057 2031 1132 2090 tam
1192 2093 1194 2096 ,

128 2159 133 2168 ·
162 2130 307 2203 ratione
316 2128 528 2230 conjugum,
543 2128 834 2230 liberorumque,
849 2131 1134 2230 quamomnium

160 2268 309 2331 eorum,
326 2270 488 2343 quorum
502 2243 664 2315 interest.
687 2244 767 2316 Art.
793 2268 850 2342 77.
867 2240 928 2315 Sin
951 2270 1040 2317 vero
1057 2243 1132 2343 jam

159 2372 325 2428 mortuus
354 2369 409 2428 est
437 2355 666 2453 Magistratus
685 2354 796 2424 status
825 2354 955 2442 civilis,
989 2359 1041 2428 itti
1067 2362 1132 2459 qui

107 2479 109 2484 ’
157 2468 318 2566 probare
337 2466 510 2567 cupiant,
527 2464 803 2538 matrimonium
819 2489 947 2538 revera
972 2469 1130 2569 legitime
1168 2564 1169 2567 Ἴ

158 2609 237 2656 esse
270 2580 517 2666 celebratum,
552 2602 622 2650 nec
653 2603 731 2650 non
765 2582 991 2653 Procurator
1028 2584 1132 2686 Regis

157 2712 312 2797 possunt
340 2697 486 2769 ac'tione
518 2693 614 2768 civili
635 2696 793 2791 experiri
821 2710 951 2770 eontra
974 2699 1130 2776 heredes

156 2809 243 2884 dicti
271 2810 500 2911 magistratus
519 2824 556 2883 et
572 2825 701 2884 contra
717 2824 849 2910 partes,
868 2838 1025 2912 quarum
1037 2815 1131 2889 inte·

154 2936 248 3019 rest3
262 2929 344 3001 Art.
359 2931 415 3021 78.
436 2950 539 3001 secus
551 2951 593 2997 ac
611 2925 740 2998 melius
753 2951 863 3025 quam
875 2925 957 3027 jure
972 2929 1128 3020 Gallica,
1160 2910 1163 2916 Ι

104 3054 106 3057 ’
155 3068 233 3142 quo
263 3040 339 3114 haec
374 3041 472 3114 aetio
503 3053 645 3112 tantum
679 3041 854 3139 competit
890 3046 1128 3118 Procuratori

155 3156 279 3256 Regis,
299 3155 541 3258 praesentibus
561 3155 619 3241 iis,
648 3179 809 3253 quorum
825 3154 996 3246 interest,
1018 3173 1128 3259 atque

155 3296 285 3345 eorum
311 3269 599 3344 denuntiatione.
620 3271 656 3345 V
653 3270 698 3341 id.
720 3283 789 3344 art.
822 3294 894 3342 200
915 3273 999 3348 Cod.
1030 3277 1127 3373 Nep,
1242 3294 1247 3305 ‘

436 3479 596 3552 carun
618 3478 860 3571 Qururuu.

272 3772 275 3779 Ι
352 3659 420 3742 De
447 3658 651 3770 afflatibus
675 3662 932 3744 matrimonii.

203 3864 360 3956 Quidam
374 3865 524 3939 effectus
539 3851 762 3940 matrimonii
779 3879 943 3968 spectant
955 3894 1129 3969 personas
1194 3911 1196 3916 =

155 3979 277 4054 mariti
297 3994 405 4078 atque
422 3981 562 4070 uxoris;
582 3980 628 4054 de
644 3981 699 4054 his
716 3984 830 4082 agitur
848 3986 967 4058 Titulo
988 3989 1039 4075 V,
1067 3990 1131 4086 qui

155 4091 390 4169 inscribitur:
407 4096 449 4171 de
463 4095 608 4195 juribus
624 4109 660 4170 et
683 4094 809 4198 officiis
828 4101 1031 4199 conjugum.
1062 4093 1135 4172 Atti
