2596 4724
601 322 617 419 (
647 344 712 396 120
736 320 753 416 )

194 474 331 525 causas.
351 452 428 525 Art.
466 451 525 543 14,
550 457 602 523 tit.
625 453 685 524 XI
691 508 700 539 ,
721 453 858 525 collatis
879 461 946 522 ort.
973 445 1017 536 5,,
1031 447 1055 521 6
1071 462 1107 523 et
1123 469 1157 548 7,

113 616 115 625 ·
193 571 244 635 tit.
262 563 306 634 X.
330 564 387 638 Sic
403 566 528 652 etiam,
544 563 647 665 quod
667 564 792 637 attinet
811 560 858 635 ad
878 587 1047 649 uxorem,
1062 586 1157 661 quae

193 677 335 751 dumlis
345 679 480 779 agitur,
494 678 720 752 domicilium
733 702 929 750 commune
945 677 1159 750 auctoritate

190 788 321 891 judicis
345 792 555 893 relinquere
584 806 620 866 et
649 790 821 862 alimenta
851 805 976 889 petere
1012 804 1162 891 potest,

190 907 342 979 eaedem
376 907 631 1006 dispositiones
668 906 705 977 in
740 906 884 979 actione
918 904 1159 1003 separationis

187 1018 284 1089 thori
315 1030 351 1090 et
377 1044 525 1092 mensae
551 1045 594 1091 ac
620 1019 658 1088 in
686 1018 830 1090 actione
856 1016 1004 1091 divortii
1030 1018 1157 1090 locum
1223 1013 1224 1016 ¹

187 1130 335 1206 habent.
362 1136 436 1206 Ant.
460 1149 536 1234 9et
556 1161 615 1223 10,
633 1140 686 1206 ot.
705 1133 752 1206 X.
775 1132 833 1204 ste
853 1156 983 1232 porro,
1005 1130 1156 1231 quando

186 1262 356 1345 rogatum
365 1263 433 1334 est,
444 1237 603 1321 tribunal
616 1248 725 1321 etiam
738 1246 925 1346 designare
939 1257 1056 1344 potest
1068 1270 1157 1317 con·
1226 1250 1229 1255 ’

184 1358 323 1460 jugem,
344 1363 402 1434 cni
425 1360 529 1436 liberi
554 1360 806 1436 committendi
832 1361 918 1451 sint,
933 1358 1020 1432 dum
1038 1360 1082 1432 lis
1107 1357 1155 1432 de

156 1475 413 1572 ,separatione
447 1475 570 1577 agitur.
599 1477 674 1550 Art.
704 1502 765 1564 11,
793 1475 828 1548 d.
855 1480 907 1546 ἠέ.
931 1477 980 1547 Χ.
1011 1472 1153 1547 Eadem
1209 1523 1211 1527 ι

181 1611 333 1686 quoque
349 1605 430 1662 sunt
442 1589 522 1687 jura
531 1591 649 1661 mariti
663 1590 792 1686 quoad
800 1587 1153 1665 administrationem

177 1693 525 1771 bonorumdurante
537 1699 681 1798 actione
691 1701 926 1795 separationis
938 1703 1152 1790 acdivortii,

177 1823 217 1882 et
242 1836 334 1884 uxor
356 1809 484 1884 iisdem
504 1810 676 1886 remediis
694 1812 747 1883 nti
767 1824 905 1908 potest,
928 1808 974 1881 ad
998 1839 1151 1913 praeca-

176 1924 349 2017 vendum,
372 1953 419 2000 ne
440 1927 540 2001 bona
563 1954 627 2000 sna
652 1916 909 2000 distrahantur.
929 1929 1003 2000 Art.
1029 1954 1081 2001 12.
1112 1931 1147 2002 d.

177 2048 229 2113 tit.
244 2045 290 2115 X.
312 2044 446 2118 Iisdem
459 2042 580 2118 modis
597 2043 706 2117 etiam
726 2057 880 2141 utraque
896 2043 992 2116 actio
1008 2043 1149 2116 exstin-

175 2157 306 2254 guitur.
320 2161 395 2229 Art.
419 2160 477 2242 13,
499 2160 557 2246 14,
580 2159 638 2242 15,
660 2157 755 2228 16et
771 2181 828 2252 17,
844 2161 897 2229 tit.
910 2159 958 2229 X.
975 2156 1146 2255 Denique

171 2282 318 2368 praeter
349 2269 500 2342 effectus
527 2269 764 2370 separationis
790 2266 887 2340 thori
914 2284 951 2339 et
976 2296 1143 2360 mensae,

172 2404 266 2480 quos
279 2380 386 2480 suprd
407 2381 718 2469 enumeravimus,
732 2381 823 2454 haec
840 2379 1020 2480 separatio
1034 2380 1144 2456 etiam

171 2519 299 2568 omnes
320 2494 431 2569 habet
453 2495 600 2571 divortii
623 2495 794 2581 effectus,
812 2495 876 2593 qui
895 2520 982 2568 enm
998 2495 1142 2570 ratione

170 2607 335 2708 ipsorum
369 2608 586 2710 conjugum,
624 2624 703 2681 tum
735 2619 904 2708 respectu
936 2601 1142 2707 liberorum

169 2728 319 2799 articulo
336 2751 381 2798 20
397 2742 432 2799 et
444 2752 544 2827 seqq,
561 2748 676 2824 usque
690 2723 741 2794 ad
752 2736 819 2794 nrt.
835 2747 894 2821 29,
909 2727 963 2795 tit.
982 2720 1033 2809 X,
1049 2747 1141 2797 con-

168 2837 341 2907 tinentur.
361 2840 464 2936 Co'nf.
480 2865 562 2937 quse
579 2840 740 2911 diximus
755 2842 793 2908 in
801 2836 883 2932 stne
895 2842 1057 2912 sectionis
1076 2838 1138 2926 II,

166 2969 245 3043 cap.
258 2952 413 3044 proeced.
527 3018 529 3025 Α

434 3142 591 3219 CAPUT
616 3140 860 3220 OCTAVUM.

417 3340 484 3426 De
511 3339 692 3426 secundis
720 3343 881 3459 nuptiis.

202 3548 327 3625 *Restat
345 3567 385 3624 ut
401 3550 564 3630 breviter
575 3552 755 3656 quaedam
775 3553 989 3657 adjiciamus
1002 3555 1045 3628 de
1057 3551 1129 3629 Se«l
1215 3605 1217 3609 ν

157 3671 284 3742 ciendis
303 3670 460 3767 Nuptiis

207 3803 386 3896 Omnibus
409 3823 490 3897 fem
516 3823 744 3925 temporibus
769 3821 950 3900 secundae
974 3823 1125 3926 nuptiae

154 3947 331 4036 tanquam
343 3963 475 4037 parum
484 3937 702 4013 favorabiles
713 3936 934 4012 considerari
943 3937 1126 4017 solebant.

153 4045 283 4122 Liberi
300 4047 375 4150 jam
388 4067 588 4153 propterea
595 4050 685 4127 satis
702 4048 881 4156 infelices,
897 4049 1000 4155 quod
1014 4068 1124 4157 patre
