2596 4724
340 482 342 488 ,
587 371 742 470 (¹¹4)
858 399 863 417 ’

179 516 216 577 et
232 524 392 592 mensa,
414 525 455 576 ac
475 500 646 589 diximus,
667 527 734 576 nos
754 498 817 573 illo
836 497 922 574 loco
944 521 1021 570 non
1045 496 1152 572 recte¹

175 614 244 688 hac
263 615 310 689 de
334 640 501 716 reagere
522 615 703 716 potuisse,
723 638 810 685 cum
834 612 924 712 quia
937 611 1016 682 haeo
1033 624 1149 684 mate·

170 729 249 802 ‘ries
264 728 379 801 multa
393 723 621 814 contineret,
642 750 724 828 quae
740 724 881 821 facilius
902 724 1150 825 intelligeren-

178 855 257 930 tur,
291 857 487 940 postquam
511 839 556 913 de
590 839 750 913 divortio
780 855 901 913 actum
930 837 1043 925 foret,
1071 853 1151 924 tum

176 955 355 1051 qnoniam
380 954 608 1050 separatione
631 953 728 1026 thori
750 971 786 1026 et
810 980 945 1027 mensae
971 980 1047 1027 non
1070 967 1152 1024 tan-

177 1083 257 1141 tum
271 1071 484 1143 communio
510 1065 742 1153 dissolvatur,
762 1068 877 1139 sedet
897 1070 1008 1166 ipsius
1022 1067 1153 1146 matri·

176 1183 293 1254 monii
306 1184 359 1255 vis
381 1183 489 1283 quasi
507 1179 766 1281 suspendatur,
787 1178 945 1280 ideoque
965 1180 1154 1251 statuimus

177 1296 286 1396 hujus
302 1296 542 1398 separationis
566 1293 824 1394 dispositiones
839 1290 1013 1391 peculiari
1029 1293 1153 1388 capite

178 1412 479 1510 postmateriem
499 1413 542 1486 de
565 1411 712 1486 divortio
732 1434 936 1509 exponere3
961 1405 1064 1505 quod
1086 1431 1154 1504 ago

177 1545 281 1595 nuno
301 1521 491 1599 faciamus.

227 1681 351 1751 Potest
366 1680 473 1778 igitur
486 1679 561 1777 peti
581 1677 763 1778 separatio
781 1677 877 1749 thori
893 1693 930 1748 et
944 1702 1104 1750 mensae:

228 1832 273 1904 1⁰.
295 1804 434 1909 'lisdem
461 1834 628 1925 casibus,
654 1833 789 1934 quibus
816 1834 926 1908 eliam
942 1838 1016 1934 poti
1034 1851 1157 1937 polest

180 1945 394 2042 divortium
410 1964 478 2023 art.
497 1975 527 2022 1.
544 1955 595 2024 tit.
615 1948 691 2037 XI,
714 1948 795 2022 etsi
814 1950 926 2023 semel
938 1951 1027 2025 haec
1047 1978 1157 2052 sepa-

181 2064 274 2137 ratio
301 2065 412 2164 petita
433 2081 503 2155 est,
531 2093 607 2139 non
637 2065 793 2164 amplius
822 2081 973 2168 propter
1001 2067 1156 2140 eandem

181 2179 432 2249 causamactio
447 2176 594 2247 divortii
611 2178 748 2248 institui
765 2192 893 2276 potest.
913 2180 994 2254 Art.
1008 2181 1042 2252 3.
1064 2179 1154 2252 Illos

111 2345 113 2348 Α
182 2301 304 2359 autem
323 2314 427 2361 casus
444 2285 601 2361 vidimus
623 2312 717 2360 esse:

236 2463 280 2518 1⁰.
307 2444 557 2543 Adulterium!

230 2626 281 2684 2⁰.
308 2608 567 2682 Desertionem
585 2606 822 2698 malitiosam

233 2758 283 2832 3⁰.
308 2755 667 2862 Condemnationem
690 2757 895 2834 alterutrius
924 2746 1090 2862 conjugis
1110 2759 1159 2845 ad

176 2893 337 2965 poenam
355 2894 436 2964 quae
457 2866 645 2939 infamiam
658 2869 815 2966 irrogat

231 3011 281 3103 4⁰.
308 3007 457 3082 saevitiae
479 3005 614 3107 quibus
644 3009 715 3081 vita
749 3009 956 3084 alterutrius
985 3015 1158 3140 'conjugis

184 3125 224 3195 in
239 3121 405 3222 periculo
422 3136 609 3210 versatur,
628 3096 687 3194 vel
706 3147 789 3220 quae
810 3123 877 3223 ipsi
895 3125 1059 3224 gravium
1075 3130 1161 3205 vul-

183 3233 420 3312 nerationum
436 3262 544 3310 causa
563 3236 723 3324 fuerunt.

233 3378 356 3472 Quaeri
388 3391 528 3479 polest,
563 3378 778 3478 quidnam
768 3409 806 3452 m
836 3407 922 3456 casu
952 3386 1161 3464 desertionis

185 3498 365 3566 malitiosae
392 3515 560 3592 conjugis
575 3492 729 3565 renen
720 3495 871 3586 intersit,
892 3498 1160 3600 separationem

184 3610 281 3682 thori
301 3622 337 3681 et
353 3632 489 3680 mensae
506 3608 772 3707 pronunciari
765 3611 779 3662 Ρ
800 3611 930 3702 Quod
923 3612 968 3685 ad
986 3639 1078 3686 uxor
1080 3643 1155 3704 em,

154 3721 474 3823 ,respondemus,
514 3722 547 3794 ei
582 3720 688 3796 valde
720 3726 907 3853 prodesse,
941 3739 981 3798 ut
1014 3746 1159 3808 cessent

184 3837 305 3910 mariti
333 3835 414 3934 jura
446 3836 481 3905 in
515 3821 616 3907 bona
650 3837 935 3925 communionis,
964 3856 1006 3914 ut
1030 3840 1160 3919 divisio

184 3951 321 4024 horum
334 3949 519 4021 bonorum
535 3947 595 4022 fiat
607 3964 747 4050 ,utque
763 3949 948 4051 ipsabona
965 3978 1029 4025 sua
1044 3957 1165 4030 admi-

89 4106 93 4111 ·
154 4109 156 4112 -
183 4063 326 4153 nistret,
338 4087 542 4162 eorumque
555 4062 707 4167 fructus,
720 4062 1037 4163 quemadmodum
1053 4070 1163 4148 etiam
