2596 4724
601 345 728 446 lssssl

226 473 275 551 't·.
302 478 522 553 Communio
537 477 768 566 universalis3
859 574 862 578 Δ
889 500 891 504 ’

105 682 108 692 .
222 643 273 699 2⁰.
293 625 515 699 Communio
533 623 626 696 lucri
646 637 681 695 et
700 621 845 709 damni;
933 612 941 629 '

145 802 148 808 ’
221 775 272 848 3⁰.
298 774 520 848 Communio
538 771 726 843 fructuum
743 783 779 842 et
796 767 990 840 redituum.

217 921 353 992 Sufficit
362 919 474 1018 igitur
495 915 754 990 contrahentes
781 913 999 1014 generaliter
1016 911 1145 1010 decla·-

168 1059 272 1119 rare‚
303 1059 341 1105 se
372 1031 516 1131 nuptias
544 1029 637 1101 inire
665 1027 761 1101 velle
796 1029 1000 1100 secundum
1032 1054 1146 1100 unam

168 1149 508 1249 alteramveharum
519 1133 837 1233 communionum,
850 1158 892 1214 ut
903 1141 1146 1215 excludantur

168 1289 299 1339 omnes
326 1261 600 1337 communionis
618 1258 743 1358 legalis
776 1256 1031 1356 dispositiones
1050 1283 1144 1331 con-

162 1380 300 1469 trariae,
309 1394 424 1479 utque
438 1375 748 1475 conjugumbona
760 1368 1146 1473 regantnrsecundum

164 1520 355 1580 normam,
371 1519 455 1591 quae
483 1489 636 1589 propria
654 1503 709 1564 est
736 1486 1008 1574 communioni,
1029 1513 1142 1587 quam

57 1620 59 1624 ‘
165 1603 352 1704 adoptant.

213 1747 436 1824 Communio
473 1752 680 1823 universalis
704 1743 978 1848 'complectitur
1017 1753 1144 1825 omnia

163 1861 367 1963 conjugum
382 1860 485 1935 bona
499 1861 668 1951 mobilia,
685 1877 798 1962 atque
814 1861 1036 1951 immobilia,
1053 1892 1144 1964 prae-

160 1978 280 2053 sentia
311 1974 505 2062 etfutura,
529 1976 639 2047 etiam
659 2000 720 2062 ea,
741 2002 824 2074 quae
850 1977 956 2051 titulo
984 1981 1142 2079 gratuito
1184 2048 1193 2059 „

162 2087 453 2185 acquisiverunt,
478 2085 549 2156 nisi
566 2100 715 2157 testator
729 2086 788 2158 vel
813 2087 972 2162 donator
993 2107 1144 2166 contra-

160 2197 434 2271 riumvoluerit.
448 2196 527 2269 Art.
544 2197 598 2269 13.
610 2197 1141 2281 Acvicissimhaeccommunio

162 2326 314 2387 tenetur
332 2309 381 2385 de
396 2310 572 2384 omnibus
591 2310 795 2411 conjugum
807 2311 940 2389 debitis
961 2317 1036 2391 sive
1055 2334 1141 2395 ante

100 2479 101 2482 ,
162 2426 450 2514 matrimonium,
468 2425 543 2497 sive
559 2438 677 2498 stante
692 2452 750 2514 eo,
760 2430 968 2503 contractis.
984 2433 1065 2506 Art.
1086 2437 1139 2527 14.

210 2576 429 2653 Dissolvitur
444 2574 658 2662 communio
677 2581 888 2653 universalis
906 2578 1038 2652 iisdem
1059 2609 1143 2657 mo-

158 2693 232 2782 dis,
248 2693 384 2792 quibus
403 2688 498 2766 infra
512 2691 815 2766 communionem
828 2699 977 2794 legalem
989 2696 1143 2776 dissolvi

158 2806 379 2885 videbimus.
398 2806 478 2879 Art.
513 2809 567 2882 15.
589 2805 774 2884 Dissoluta
801 2821 940 2898 autem,
957 2836 1016 2900 ea,
1036 2810 1139 2890 bone

40 2914 42 2922 ¹
160 2918 305 2996 duabus
334 2918 497 3019 partibus
530 2917 733 3016 aequalibus
764 2920 861 2992 inter
893 2924 1068 2997 maritum
1101 2942 1141 3000 et

159 3061 334 3123 uxorem,
367 3040 548 3113 ¹eorumve
578 3030 734 3107 heredes
767 3032 999 3124 dividuntur,
1036 3039 1140 3114 nulla

159 3151 305 3224 ratione
323 3148 461 3237 habita,
483 3177 504 3221 a
522 3176 685 3251 quanam
703 3163 807 3249 parte
828 3148 907 3227 haec
926 3133 1026 3225 bona
1044 3180 1139 3256 pro·

159 3261 347 3367 venerint,
378 3258 416 3328 in
453 3254 526 3358 que
562 3261 741 3343 divisione
779 3263 1018 3357 observandae
1055 3288 1140 3345 sunt

159 3374 316 3477 regulas,
337 3398 419 3473 quae
441 3372 479 3445 in
498 3373 607 3451 titulo
631 3378 673 3452 de
696 3385 887 3456 collatione
910 3398 945 3456 et
968 3384 1139 3467 divisione

36 3499 43 3569 ᾗ
160 3497 253 3564 inter
266 3488 451 3564 coheredes
472 3504 686 3563 statuentur.
706 3495 789 3567 Art.
810 3495 990 3596 16.Aqua
1009 3510 1135 3575 tamen
1190 3528 1195 3539 ¹

158 3600 398 3703 dispositione
412 3598 506 3674 hanc
526 3601 751 3699 legislatores
781 3607 899 3680 nostri
932 3620 1139 3686 statuerunt

159 3717 438 3816 exceptionem
460 3730 498 3788 ut
526 3715 665 3789 scilicet
695 3717 829 3817 conjux
860 3733 1043 3817 superstes
1078 3723 1135 3823 jus

155 3828 291 3905 habeat
322 3828 515 3932 repetendi
550 3831 785 3919 vestimenta,
830 3851 992 3938 gemmas¹
1030 3838 1134 3913 simi-

150 3942 285 4043 lesque
302 3971 361 4026 res
374 3947 549 4044 pretiosas
564 3945 811 4042 (lleinoodien
825 3945 852 4041 ),
874 3944 1131 4042 instrumenta,

39 4132 41 4140 ,
105 4082 107 4085 ·
158 4056 293 4169 quibus
313 4059 427 4139 utitur
450 4061 490 4134 in
503 4058 741 4169 'professione
757 4085 822 4139 sua
836 4062 1054 4169 exercenda,
1073 4065 1133 4146 bi-
