2596 4724
578 327 599 427 t
625 327 712 422 1⁰5

158 470 231 559 est,
244 473 349 565 pater
368 458 428 537 vel
449 473 566 536 mater
585 459 823 534 nihilominus
848 459 1017 561 negando
1043 484 1129 562 pen·

152 577 278 668 sistat,
302 575 576 683 matrimonium
595 570 672 647 non
701 574 785 646 iniri
802 588 942 675 potest,
963 574 1030 646 nisi
1046 589 1130 675 post

154 715 222 767 *sex
237 716 382 790 menses
399 691 474 786 (⁸),
494 688 759 788 computandos
780 716 800 760 a
820 686 901 779 die,
918 714 995 789 quo
1010 705 1131 790 partes

152 821 245 880 ‘ante
266 805 428 905 judicem
446 816 753 902 comparuerunt.
774 803 856 876 Art.
884 805 943 879 18.
962 830 1039 903 sqq.
1068 829 1133 877 us-

159 944 229 1024 que
246 921 297 992 ad
315 945 360 992 22
378 919 448 1015 (is).
776 921 780 929 ’

208 1053 388 1153 Rogatum
404 1067 456 1124 est
473 1078 493 1122 a
510 1049 673 1124 sectione
689 1045 1047 1150 quadam'Ordinum
1064 1072 1133 1148 ge-

158 1167 359 1254 neralium,
376 1179 491 1266 quare
509 1191 586 1238 non
598 1177 706 1265 pater
728 1177 764 1237 et
780 1177 896 1235 mater
918 1160 1026 1234 simui
1047 1177 1133 1236 ante

157 1279 320 1380 judicem
337 1275 585 1350 vocarentur?
596 1277 828 1375 Responsum
843 1298 931 1346 vero
947 1287 1012 1363 est,
1025 1297 1132 1372 mag-

152 1401 246 1466 nam
284 1388 414 1464 exinde
454 1387 676 1460 nascituram
714 1382 824 1456 fuisse
862 1384 1131 1471 difficultatem,

159 1504 246 1604 quia
261 1527 357 1597 saepe
373 1498 541 1573 accidere
559 1510 699 1596 potest,
720 1509 760 1566 ut
776 1508 1132 1568 mater-consensum

159 1614 221 1689 det
240 1612 286 1687 ad
306 1607 599 1686 contrahendum
623 1608 920 1694 matrimonium,
949 1608 1008 1681 cui
1028 1625 1133 1708 pater

158 1754 198 1803 se
213 1727 386 1829 opponit;
404 1750 481 1826 quo
508 1749 594 1798 casu
612 1721 806 1826 praesentia
832 1735 1027 1822 parentum
1053 1720 1133 1796 dis-

157 1841 393 1918 sentientium
405 1865 533 1913 coram
547 1835 694 1924 liberis,
711 1835 946 1910 occasionem
966 1833 1132 1936 praebere

156 1969 278 2057 potest
292 1953 400 2037 rixis,
418 1975 501 2051 quae
518 1949 668 2048 prorsus
682 1965 766 2021 sunt
777 1948 954 2037 vitandae,
973 1974 1130 2050 quaeque

157 2063 409 2141 conciliationi
439 2087 664 2161 magnopere
690 2075 841 2160 possent
873 2087 1022 2135 nocere.
1048 2065 1131 2138 Vid.

157 2182 327 2275 Respons.
350 2178 401 2249 od
416 2175 552 2252 observ.
567 2174 650 2248 Art.
672 2201 724 2275 19.
776 2212 779 2217 ·

75 2604 92 2626 Α,
198 2537 241 2618 (¹³)
262 2539 329 2599 Hoc
343 2533 546 2600 intervalium
559 2533 685 2619 longius
699 2534 801 2598 rideri
823 2546 943 2621 potest,
972 2538 1028 2600 sed
1054 2561 1131 2621 pre·

157 2634 420 2720 terquampatria
436 2632 606 2717 auctoritas
621 2633 664 2695 ita
679 2644 811 2718 augetur
834 2647 868 2698 et
888 2639 1132 2716 corroboratur..
1154 2651 1156 2654 ’

158 2732 354 2812 experientia
366 2730 491 2801 docuit,
505 2730 603 2790 malta
616 2731 816 2794 matrimonia
838 2735 896 2796 sub
918 2735 1022 2820 legum
1037 2737 1134 2800 Galli.-

157 2840 267 2892 c'arem
281 2825 457 2910 regimine,
472 2843 533 2884 non
548 2823 655 2887 locum
670 2828 814 2889 habitura
827 2835 932 2894 fuisse
952 2846 1063 2897 contra
1077 2859 1133 2918 pa-

155 2923 509 2994 rentumvotunntenn
539 2921 566 2982 si
594 2921 687 2984 liberi
713 2924 783 3007 lege
798 2928 1065 3010 coactifuissent‚
1093 2933 1134 2998 de

157 3019 430 3101 adhortationibus
444 3028 475 3082 et
487 3017 588 3080 causis
604 3019 814 3088 recusationis
828 3022 946 3087 diutius
961 3028 1111 3112 cogitare.

203 3155 252 3234 (ᾧ)
273 3154 349 3214 Jure
362 3154 500 3214 Romano
512 3158 602 3236 pater
616 3152 667 3216 vel
682 3174 779 3233 erus,
796 3156 852 3238 qui
865 3178 926 3239 per
940 3159 1087 3242 injuriam
1100 3161 1134 3223 in

127 3321 129 3330 Ι
160 3250 285 3332 nuptias
307 3247 485 3312 liberorum
510 3250 560 3314 uel
587 3259 737 3334 nepotum
753 3254 1134 3331 consentirenolebat‚a

147 3345 344 3427 >magistratu
352 3345 422 3428 cogi
432 3345 726 3430 poterat‚utiliosin
735 3349 937 3411 matrimonio
947 3353 1131 3430 collocaret,

159 3436 254 3525 atque
268 3441 363 3502 etiam
374 3434 502 3505 'dotaret
517 3465 575 3526 pro
592 3442 751 3505 natalibus
765 3465 799 3506 as
813 3447 993 3528 patrimonii
1013 3450 1136 3530 quanti-

157 3535 282 3602 tateAE.
303 3543 339 3621 1'9
349 3537 409 3624 ‚ff
424 3540 463 3602 de
477 3544 537 3603 ritu
549 3541 642 3621 Nupt.
660 3540 721 3603 Sed
734 3544 808 3605 etin
819 3544 937 3605 nostris
950 3545 1043 3605 etiam
1060 3547 1135 3610 Pro·

105 3710 109 3719 .
156 3636 270 3699 'vinciis
284 3637 363 3699 olim
379 3637 441 3701 tale
454 3638 531 3722 quid
543 3639 714 3718 obtinebat.
731 3641 764 3703 V
762 3640 814 3702 ide
831 3631 869 3701 H.
884 3643 1009 3703 Gromt.
1028 3643 1134 3730 Inleij·

157 3734 251 3815 dirige
274 3748 319 3809 tot
335 3736 378 3796 de
404 3735 614 3798 Hollandscire
637 3737 948 3818 Rechtsgeleertheijt.
971 3739 1059 3801 Boek
1094 3765 1130 3824 t,

157 3831 229 3895 dael
243 3831 278 3904 5,
291 3831 319 3911 ἓ.
347 3831 392 3894 15.
408 3831 529 3915 Corfim
543 3832 684 3896 Ordonn.
705 3857 770 3895 van
780 3824 893 3895 Potius
904 3857 969 3900 vau
984 3839 1134 3919 blotand,

158 3944 220 3993 ort.
234 3933 263 4005 3,
276 3948 342 3992 van
359 3931 493 4008 Utrecht,
506 3946 567 3996 art.
585 3931 639 4012 14,
653 3953 717 3994 van
729 3932 877 4008 lectam,
892 3949 952 3998 ort.
966 3932 996 4016 8,
1021 3951 1053 4002 et
1064 3942 1131 4006 m).

160 4024 249 4088 citati
261 4048 279 4087 a
291 4028 414 4094 Voerto
425 4073 433 4107 ,
444 4026 485 4090 ad
498 4028 624 4092 titulum
637 4029 676 4091 de
688 4031 750 4094 rit'u
760 4030 955 4111 ttupoamm.
968 4035 1024 4101 N0.
1040 4057 1087 4101 rr.
