2596 4724
569 370 649 465 (.61
683 373 697 465 )

549 557 664 604 SECTIO
689 559 722 606 V.

267 691 424 767 Quomodo
435 699 637 793 communioni
649 697 741 779 legali
754 697 898 780 derogari
907 701 1008 779 possit.
1074 758 1085 769 ,

205 843 412 944 Antequam
447 848 493 920 ad
527 846 805 927 dissolutionem
847 850 1116 926 communionis

157 968 399 1048 transeamus,
419 962 540 1061 paullo
559 964 829 1040 subsistendum
848 982 915 1055 est,
937 981 977 1037 ut
996 963 1119 1036 videa·
1208 976 1214 991 '

158 1074 253 1157 mus,
284 1073 471 1170 quomodo
500 1076 590 1150 haec
621 1080 834 1151 communio
871 1076 1118 1150 contractibus

157 1175 365 1293 futurorum
397 1188 597 1288 conjugum
629 1193 741 1289 possit
777 1191 940 1277 extendi,
970 1190 1027 1260 vel
1057 1215 1118 1258 re-

157 1293 299 1392 stringi3
317 1322 391 1396 qua
409 1301 455 1370 de
473 1324 513 1371 re
534 1300 649 1400 agitur
667 1308 772 1374 titulo
785 1306 820 1373 V
816 1303 893 1393 III,¹
906 1304 969 1399 qui
985 1299 1118 1371 inscri-

136 1401 284 1480 bitur:
304 1410 347 1481 de
360 1411 643 1486 conventionibus
661 1413 888 1510 nuptialibus.
909 1411 978 1484 Hie
999 1425 1119 1482 autem

117 1558 120 1563 >
158 1520 280 1596 titulus
311 1521 480 1597 dividitur
511 1528 548 1599 in
576 1541 735 1628 quotuor
758 1534 1120 1625 sectiones‚,quarum

155 1635 536 1738 primodispositiones
550 1643 727 1743 quasdam
738 1642 924 1743 generales
935 1642 1118 1725 continet;

157 1748 277 1821 altera
303 1755 424 1824 statuit
453 1756 631 1852 principia
651 1782 693 1827 ae
712 1755 992 1850 consequentias
1018 1779 1121 1827 com-

156 1858 376 1949 munionum
403 1864 662 1961 quarumdam,
682 1862 884 1936 secundum
912 1888 1002 1960 quas
1027 1887 1123 1933 con-

157 1965 259 2072 juges
278 1974 316 2045 in
334 1984 526 2049 contractu
541 1976 692 2077 nuptiali
711 1973 862 2049 nomine
877 1973 1037 2074 generali
1057 1966 1121 2046 dess

157 2088 298 2162 clarore
325 2106 491 2192 possunt,
512 2117 552 2165 se
579 2090 853 2164 matrimonium
872 2091 979 2178 inire;
1015 2090 1121 2164 tertiat
1189 2122 1190 2126 ¹

155 2214 286 2277 tractat
300 2204 346 2278 de
364 2204 626 2279 donationibus
646 2206 741 2307 inter
758 2204 902 2278 futuros
924 2201 1119 2305 conjuges,

157 2330 193 2389 et
217 2332 347 2416 quarta
364 2319 524 2417 denique
543 2318 684 2416 regulas
702 2319 917 2416 praescribit
947 2317 1121 2389 donatio-

154 2457 266 2519 num,
299 2456 393 2531 quae
424 2431 553 2508 iisdem
583 2426 786 2530 eorumque
813 2427 938 2502 liberis
969 2429 1015 2501 ab
1038 2427 1123 2500 aliis

154 2541 233 2616 fieri
252 2559 410 2644 possunt.
629 2550 652 2649 ν’

598 2658 677 2753 §t-

154 2839 210 2912 De
225 2838 448 2937 generalibus
472 2842 558 2938 legis
583 2843 739 2939 Belgicoe
763 2844 861 2914 circa
879 2843 1122 2915 conventiones

443 2961 617 3050 nuptiales
632 2960 830 3052 principiis.

204 3132 378 3206 Omnium
407 3134 497 3235 legis
527 3134 693 3232 Belgicae
722 3130 1002 3233 dispositionum
1026 3127 1125 3203 circa
1189 3181 1191 3185 -

156 3250 417 3324 conventiones
467 3248 654 3351 nuptiales
691 3246 809 3349 prima
845 3263 880 3321 et
925 3245 1123 3349 praecipua

155 3362 245 3434 haec
274 3374 350 3436 est:
370 3361 525 3432 maxima
555 3357 729 3460 conjuges
759 3358 927 3433 libertate
947 3358 985 3428 in
1003 3355 1124 3431 confi-

155 3473 295 3551 ciendis
310 3473 557 3549 contractibus
584 3472 807 3574 nuptialibus
829 3470 1004 3577 gaudere,
1029 3468 1123 3542 adeo

156 3605 197 3663 ut
214 3591 465 3691 unusquisque
493 3615 536 3661 ea
555 3588 669 3689 possit
695 3586 877 3689 stipulari,
897 3608 992 3684 quae
1024 3607 1124 3654 com-

156 3705 275 3778 modis
294 3704 367 3778 suis
383 3705 582 3777 convenire
597 3701 802 3793 videantur;
822 3720 943 3798 neque
960 3695 1020 3768 altt
1038 3689 1123 3769 huie

156 3812 315 3889 libertati
347 3816 496 3890 termini
531 3831 614 3890 sunt
645 3814 852 3900 constituti,
886 3836 998 3917 quam
1034 3809 1125 3882 boni
1157 3877 1163 3893 ,

157 3953 299 4019 mores,
329 3928 422 4004 ordo
461 3928 629 4030 publicus
666 3918 702 4003 et
734 3926 881 4028 regulae
916 3924 1122 4028 generales,

158 4066 254 4167 quae
270 4055 404 4118 statum
419 4041 578 4120 familiae
592 4042 701 4143 atque
721 4039 891 4115 ordinem
906 4037 1126 4114 succedendi
