2596 4724
228 489 384 586 quiritur
397 504 551 576 tantum,
572 503 613 562 ut
629 489 689 562 hic
709 491 745 560 in
763 490 1019 575 instrumento,
1035 483 1134 585 quod
1145 482 1194 556 de

226 603 467 676 translatione
500 602 665 676 dominii
692 598 902 685 conficitur,
941 597 1193 680 declaraverit,

227 716 401 814 pretium,
428 740 503 815 quo
536 743 596 790 res
615 714 789 812 acquisita
822 725 894 797 est,
924 709 1133 809 provenisse
1151 734 1196 778 ex

229 825 449 900 alienatione
469 828 524 898 rei
544 852 629 898 suae
650 822 856 894 immobilis.
876 825 956 895 Art.
976 849 1031 922 29.
1048 821 1084 891 Si
1110 843 1195 892 vero

227 965 285 1012 res
302 940 445 1011 vendita
463 940 586 1012 uxoris
603 937 740 1029 fuerat,
760 940 908 1038 insuper
926 939 1141 1037 requiritur,
1152 951 1199 1008 ut

228 1050 318 1123 haec
334 1079 413 1124 rem
433 1053 646 1152 acquisitam
663 1050 839 1123 inlocum
855 1050 1021 1123 venditae
1032 1047 1208 1173 expresse-

197 1182 201 1192 ·
230 1163 490 1263 acceptaverit,
509 1161 714 1261 quodcum
732 1188 809 1234 non
828 1159 970 1247 fecerit,
991 1176 1131 1233 tantum
1144 1159 1200 1257 jus

229 1275 353 1364 habet,
373 1276 544 1350 dissoluta
560 1302 845 1362 communione
877 1272 1023 1374 petendi
1042 1288 1201 1376 pretium
1251 1280 1254 1285 ’

230 1412 286 1459 rer
277 1387 499 1462 immobilis
516 1389 704 1461 alienatae.
725 1388 876 1487 Rogavit
888 1389 1000 1477 sectio
1020 1384 1207 1487 quaedam

232 1500 412 1582 Ordinum
430 1502 671 1603 generalium,
703 1527 827 1574 nonne
843 1515 990 1601 tempus
1007 1498 1114 1569 statui
1131 1495 1200 1596 de-

233 1611 354 1697 beret,
393 1613 486 1688 intra
518 1611 619 1735 quod
649 1639 739 1713 uxor
769 1611 955 1683 declarare
1000 1624 1199 1710 teneretur,

233 1735 358 1794 utrum
377 1748 457 1793 rem
476 1721 688 1821 acquisitam
707 1722 745 1793 in
761 1721 884 1807 locum
897 1718 1062 1792 venditae
1077 1745 1204 1818 accep-

232 1848 311 1906 tare
324 1833 430 1923 velit,
464 1861 511 1904 an
529 1836 674 1907 minus?
696 1812 923 1935 Responsum
943 1849 1012 1921 est,
1035 1834 1106 1907 hoc
1127 1859 1205 1921 non

232 1947 340 2031 lacile
371 1945 450 2022 fieri
483 1975 601 2049 posse,
633 1976 745 2048 quum
776 1975 869 2021 uxor
902 1975 1010 2047 saepe
1045 1949 1202 2052 ignoret,

236 2063 408 2134 maritum
443 2087 511 2159 pro
540 2061 665 2159 -pretio
700 2061 753 2132 rei
792 2058 988 2143 immobilis
1022 2058 1205 2147 venditae,

235 2175 341 2242 aliam
360 2198 440 2243 rem
453 2196 694 2270 acquisivisse
714 2180 794 2243 Art.
810 2173 868 2244 30.
889 2171 1014 2268 Ibique
1028 2173 1197 2266 Respous.

236 2285 427 2358 adobserr.

285 2415 332 2486 3⁰.
358 2414 471 2487 Dosa
490 2414 567 2502 solo
584 2413 714 2486 marito
742 2413 838 2514 proli
849 2412 1042 2486 'communi
1057 2437 1077 2509 a
1095 2411 1222 2484 bonis¹

238 2517 515 2603 communionis
537 2524 619 2600 data
640 2512 696 2659 vel
709 2527 899 2627 promissa,
912 2527 1023 2605 ‚oneri
1035 2536 1089 2596 est
1107 2546 1209 2597 com·

242 2645 428 2732 munioni,
451 2660 486 2718 et
516 2650 623 2734 uxo'yt
650 2644 679 2716 si
710 2626 1009 2718 communionem
1030 2652 1209 2739 acceptat,

239 2757 285 2827 de
321 2702 471 2829 dimidia
504 2775 628 2856 parte
639 2754 734 2830 dotis
764 2773 930 2842 tenetur,
966 2754 1034 2829 nisi
1063 2757 1212 2829 maritus

155 2889 164 2910 ‘
240 2868 407 2964 expresse
427 2859 677 2954 declaraverit
653 2856 1058 2967 tseintegramdotem,
1067 2868 1213 2967 autplus
1267 2959 1271 2967 1

238 2977 388 3049 dimidia
403 2993 504 3076 parte
521 3004 598 3052 esse
618 2974 890 3079 praestiturum.
923 2981 1004 3050 Art.
1030 2981 1096 3070 343
1122 3007 1226 3074 uxor,

240 3092 349 3192 igitur
377 3090 434 3165 htc
456 3080 637 3165 beneficio
658 3090 811 3192 gaudet,
843 3106 883 3164 ut
912 3091 1000 3163 nihil
1028 3091 1072 3164 ad
1087 3091 1213 3165 dotem

241 3205 411 3277 conferre
436 3219 621 3295 teneatur,
654 3204 857 3291 dummodo
879 3205 1129 3279 communioni
1148 3233 1214 3278 re-

213 3369 216 3373 ·
242 3317 402 3389 nunciet.
423 3308 565 3423 Si'vero
593 3322 696 3418 pater
727 3331 916 3418 materque
941 3317 1046 3390 simul
1072 3316 1215 3417 prolem

244 3426 480 3505 communem
512 3431 716 3518 dotarunt,
751 3457 872 3530 neque
910 3430 1214 3516 declaraverunt,

162 3560 165 3564 '
249 3538 425 3644 quantam
458 3544 611 3643 quisque
649 3559 789 3644 partem
822 3543 1022 3630 tribueret,
1061 3558 1216 3640 uterque

254 3672 423 3730 censetur
441 3654 629 3726 dimidiam
653 3670 794 3755 partem
818 3655 1027 3739 contulisse,
1055 3653 1128 3724 sive
1149 3651 1217 3727 dos
1277 3652 1282 3667 '

241 3766 333 3838 'data
353 3762 410 3840 vel
433 3767 607 3865 promissa
620 3767 792 3840 consistat
811 3767 975 3839 in'rebus
988 3767 1219 3839 communio-

244 3881 320 3967 nis,
339 3879 411 3950 sivc
433 3879 469 3948 in
498 3877 608 3952 rebus
627 3877 789 3962 alterutri
809 3877 1009 3977 conjugum
1028 3879 1210 3976 propriis;

250 4020 324 4095 quo
355 3992 483 4064 ultimo
509 3991 771 4091 casu‘conjux,
799 3990 900 4089 cujus
926 4017 981 4064 res
1006 3993 1154 4099 propria
1181 3994 1218 4065 in
