<?xml version="1.0" encoding="UTF-8"?>
<!DOCTYPE html PUBLIC "-//W3C//DTD XHTML 1.0 Transitional//EN"
    "http://www.w3.org/TR/xhtml1/DTD/xhtml1-transitional.dtd">
<html xmlns="http://www.w3.org/1999/xhtml" xml:lang="en" lang="en">
 <head>
  <title>
</title>
<meta http-equiv="Content-Type" content="text/html;charset=utf-8" />
  <meta name='ocr-system' content='tesseract 3.04.00' />
  <meta name='ocr-capabilities' content='ocr_page ocr_carea ocr_par ocr_line ocrx_word'/>
</head>
<body>
  <div class='ocr_page' id='page_1' title='image "./dematrimoniosec00assegoog_0146.png"; bbox 0 0 2596 4724; ppageno 0'>
   <div class='ocr_carea' id='block_1_1' title="bbox 194 361 1164 707">
    <p class='ocr_par' dir='ltr' id='par_1_1' title="bbox 194 361 1164 707">
     <span class='ocr_line' id='line_1_1' title="bbox 607 361 761 464; baseline 0.032 -6"><span class='ocrx_word' id='word_1_1' title='bbox 607 361 625 457; x_wconf 83' lang='lat' dir='ltr'><strong>t</strong></span> <span class='ocrx_word' id='word_1_2' title='bbox 653 363 761 464; x_wconf 73' lang='lat'>¹¹95</span> 
     </span>
     <span class='ocr_line' id='line_1_2' title="bbox 194 485 1164 588; baseline 0.012 -30"><span class='ocrx_word' id='word_1_3' title='bbox 194 485 450 564; x_wconf 85' lang='lat' dir='ltr'><strong>auctoritatem</strong></span> <span class='ocrx_word' id='word_1_4' title='bbox 481 492 710 588; x_wconf 80' lang='lat' dir='ltr'><strong>generalem,</strong></span> <span class='ocrx_word' id='word_1_5' title='bbox 743 493 788 567; x_wconf 91' lang='lat' dir='ltr'><strong>de</strong></span> <span class='ocrx_word' id='word_1_6' title='bbox 825 493 936 566; x_wconf 87' lang='lat' dir='ltr'><strong>rebus</strong></span> <span class='ocrx_word' id='word_1_7' title='bbox 966 493 1164 570; x_wconf 78' lang='lat' dir='ltr'>mobilibus</span> 
     </span>
     <span class='ocr_line' id='line_1_3' title="bbox 196 603 1162 707; baseline 0.007 -33"><span class='ocrx_word' id='word_1_8' title='bbox 196 603 435 705; x_wconf 89' lang='lat' dir='ltr'><strong>disponendi,</strong></span> <span class='ocrx_word' id='word_1_9' title='bbox 450 633 470 676; x_wconf 93' lang='lat' dir='ltr'><strong>a</strong></span> <span class='ocrx_word' id='word_1_10' title='bbox 485 603 605 704; x_wconf 78' lang='lat' dir='ltr'><strong>judice</strong></span> <span class='ocrx_word' id='word_1_11' title='bbox 623 622 741 707; x_wconf 88' lang='lat' dir='ltr'><strong>potest</strong></span> <span class='ocrx_word' id='word_1_12' title='bbox 754 609 963 707; x_wconf 88' lang='lat' dir='ltr'><strong>impetrare.</strong></span> <span class='ocrx_word' id='word_1_13' title='bbox 981 610 1014 681; x_wconf 85' lang='lat' dir='ltr'><strong>d.</strong></span> <span class='ocrx_word' id='word_1_14' title='bbox 1029 624 1096 681; x_wconf 86' lang='lat' dir='ltr'><strong>ort.</strong></span> <span class='ocrx_word' id='word_1_15' title='bbox 1110 636 1162 682; x_wconf 83' lang='lat' dir='ltr'><strong>ra.</strong></span> 
     </span>
    </p>
   </div>
   <div class='ocr_carea' id='block_1_2' title="bbox 149 769 1167 1212">
    <p class='ocr_par' dir='ltr' id='par_1_2' title="bbox 149 769 1167 1212">
     <span class='ocr_line' id='line_1_4' title="bbox 246 769 1164 868; baseline 0.005 -28"><span class='ocrx_word' id='word_1_16' title='bbox 246 771 297 862; x_wconf 72' lang='lat'><strong>4⁰.</strong></span> <span class='ocrx_word' id='word_1_17' title='bbox 322 770 477 860; x_wconf 78' lang='lat' dir='ltr'>Quando</span> <span class='ocrx_word' id='word_1_18' title='bbox 508 769 633 868; x_wconf 82' lang='lat' dir='ltr'><strong>judex,</strong></span> <span class='ocrx_word' id='word_1_19' title='bbox 671 770 873 843; x_wconf 84' lang='lat' dir='ltr'><strong>examinata</strong></span> <span class='ocrx_word' id='word_1_20' title='bbox 900 773 1164 862; x_wconf 84' lang='lat' dir='ltr'><strong>conventione,</strong></span> 
     </span>
     <span class='ocr_line' id='line_1_5' title="bbox 197 880 1166 988; baseline 0.006 -35"><span class='ocrx_word' id='word_1_21' title='bbox 197 880 244 954; x_wconf 90' lang='lat' dir='ltr'><strong>de</strong></span> <span class='ocrx_word' id='word_1_22' title='bbox 263 910 336 982; x_wconf 85' lang='lat' dir='ltr'><strong>qua</strong></span> <span class='ocrx_word' id='word_1_23' title='bbox 361 900 429 956; x_wconf 84' lang='lat' dir='ltr'><strong>art.</strong></span> <span class='ocrx_word' id='word_1_24' title='bbox 455 887 615 971; x_wconf 71' lang='lat' dir='ltr'><strong>Steiria,</strong></span> <span class='ocrx_word' id='word_1_25' title='bbox 635 885 773 957; x_wconf 89' lang='lat' dir='ltr'><strong>dictum</strong></span> <span class='ocrx_word' id='word_1_26' title='bbox 807 899 877 977; x_wconf 88' lang='lat' dir='ltr'><strong>est,</strong></span> <span class='ocrx_word' id='word_1_27' title='bbox 898 884 1166 988; x_wconf 79' lang='lat' dir='ltr'><strong>separationem</strong></span> 
     </span>
     <span class='ocr_line' id='line_1_6' title="bbox 149 992 1167 1097; baseline 0.006 -33"><span class='ocrx_word' id='word_1_28' title='bbox 149 1005 153 1010; x_wconf 83' lang='grc'>’</span> <span class='ocrx_word' id='word_1_29' title='bbox 195 992 289 1065; x_wconf 91' lang='lat' dir='ltr'><strong>thori</strong></span> <span class='ocrx_word' id='word_1_30' title='bbox 308 1011 343 1067; x_wconf 87' lang='lat' dir='ltr'><strong>et</strong></span> <span class='ocrx_word' id='word_1_31' title='bbox 364 1021 515 1084; x_wconf 78' lang='lat' dir='ltr'><strong>mensae,</strong></span> <span class='ocrx_word' id='word_1_32' title='bbox 529 996 741 1097; x_wconf 89' lang='lat' dir='ltr'><strong>abutroque</strong></span> <span class='ocrx_word' id='word_1_33' title='bbox 761 992 920 1097; x_wconf 82' lang='lat' dir='ltr'><strong>conjuge</strong></span> <span class='ocrx_word' id='word_1_34' title='bbox 936 1014 1063 1072; x_wconf 90' lang='lat' dir='ltr'><strong>mutuo</strong></span> <span class='ocrx_word' id='word_1_35' title='bbox 1080 1025 1167 1073; x_wconf 86' lang='lat' dir='ltr'><strong>eon·</strong></span> 
     </span>
     <span class='ocr_line' id='line_1_7' title="bbox 193 1109 1158 1212; baseline 0.003 -30"><span class='ocrx_word' id='word_1_36' title='bbox 193 1135 301 1183; x_wconf 89' lang='lat' dir='ltr'><strong>sensu</strong></span> <span class='ocrx_word' id='word_1_37' title='bbox 336 1113 502 1212; x_wconf 88' lang='lat' dir='ltr'><strong>petitam,</strong></span> <span class='ocrx_word' id='word_1_38' title='bbox 538 1114 857 1210; x_wconf 81' lang='lat' dir='ltr'><strong>pronunciaverit,</strong></span> <span class='ocrx_word' id='word_1_39' title='bbox 878 1114 955 1184; x_wconf 91' lang='lat' dir='ltr'><strong>haec</strong></span> <span class='ocrx_word' id='word_1_40' title='bbox 977 1109 1158 1209; x_wconf 72' lang='lat' dir='ltr'><strong>separatio</strong></span> 
     </span>
    </p>
   </div>
   <div class='ocr_carea' id='block_1_3' title="bbox 193 1221 1162 1413">
    <p class='ocr_par' dir='ltr' id='par_1_3' title="bbox 193 1221 1162 1413">
     <span class='ocr_line' id='line_1_8' title="bbox 195 1221 1162 1321; baseline 0.004 -24"><span class='ocrx_word' id='word_1_41' title='bbox 195 1251 323 1301; x_wconf 90' lang='lat' dir='ltr'><strong>omues</strong></span> <span class='ocrx_word' id='word_1_42' title='bbox 336 1229 447 1302; x_wconf 89' lang='lat' dir='ltr'><strong>habet</strong></span> <span class='ocrx_word' id='word_1_43' title='bbox 466 1228 634 1321; x_wconf 83' lang='lat' dir='ltr'><strong>effectus,</strong></span> <span class='ocrx_word' id='word_1_44' title='bbox 653 1255 697 1301; x_wconf 92' lang='lat' dir='ltr'><strong>ea</strong></span> <span class='ocrx_word' id='word_1_45' title='bbox 715 1227 964 1303; x_wconf 85' lang='lat' dir='ltr'><strong>conventione</strong></span> <span class='ocrx_word' id='word_1_46' title='bbox 982 1221 1162 1300; x_wconf 85' lang='lat' dir='ltr'><strong>delinitos.</strong></span> 
     </span>
     <span class='ocr_line' id='line_1_9' title="bbox 193 1339 349 1413; baseline 0.026 -4"><span class='ocrx_word' id='word_1_47' title='bbox 193 1339 271 1412; x_wconf 84' lang='lat' dir='ltr'><strong>Art.</strong></span> <span class='ocrx_word' id='word_1_48' title='bbox 295 1341 349 1413; x_wconf 84' lang='lat'><strong>15.</strong></span> 
     </span>
    </p>
   </div>
   <div class='ocr_carea' id='block_1_4' title="bbox 147 1500 1166 2255">
    <p class='ocr_par' dir='ltr' id='par_1_4' title="bbox 147 1500 1166 2255">
     <span class='ocr_line' id='line_1_10' title="bbox 242 1500 1164 1604; baseline 0.004 -32"><span class='ocrx_word' id='word_1_49' title='bbox 242 1501 365 1575; x_wconf 88' lang='lat' dir='ltr'><strong>Cessat</strong></span> <span class='ocrx_word' id='word_1_50' title='bbox 381 1500 562 1603; x_wconf 75' lang='lat' dir='ltr'><strong>separatio</strong></span> <span class='ocrx_word' id='word_1_51' title='bbox 583 1503 678 1575; x_wconf 90' lang='lat' dir='ltr'><strong>thori</strong></span> <span class='ocrx_word' id='word_1_52' title='bbox 698 1516 734 1576; x_wconf 90' lang='lat' dir='ltr'><strong>et</strong></span> <span class='ocrx_word' id='word_1_53' title='bbox 749 1529 884 1578; x_wconf 87' lang='lat' dir='ltr'><strong>mensae</strong></span> <span class='ocrx_word' id='word_1_54' title='bbox 905 1503 984 1604; x_wconf 90' lang='lat' dir='ltr'><strong>ipso</strong></span> <span class='ocrx_word' id='word_1_55' title='bbox 1003 1502 1082 1603; x_wconf 81' lang='lat' dir='ltr'><strong>jure</strong></span> <span class='ocrx_word' id='word_1_56' title='bbox 1100 1528 1164 1576; x_wconf 86' lang='lat' dir='ltr'><strong>re-</strong></span> 
     </span>
     <span class='ocr_line' id='line_1_11' title="bbox 147 1617 1164 1723; baseline 0.002 -35"><span class='ocrx_word' id='word_1_57' title='bbox 147 1635 148 1638; x_wconf 75' lang='grc'>’</span> <span class='ocrx_word' id='word_1_58' title='bbox 193 1617 452 1723; x_wconf 83' lang='lat' dir='ltr'><strong>conciliatione</strong></span> <span class='ocrx_word' id='word_1_59' title='bbox 470 1618 686 1718; x_wconf 80' lang='lat' dir='ltr'><strong>conjugum,</strong></span> <span class='ocrx_word' id='word_1_60' title='bbox 703 1646 778 1718; x_wconf 87' lang='lat' dir='ltr'><strong>quo</strong></span> <span class='ocrx_word' id='word_1_61' title='bbox 794 1647 879 1693; x_wconf 91' lang='lat' dir='ltr'><strong>casu</strong></span> <span class='ocrx_word' id='word_1_62' title='bbox 891 1619 1164 1692; x_wconf 82' lang='lat' dir='ltr'><strong>matrimonium</strong></span> 
     </span>
     <span class='ocr_line' id='line_1_12' title="bbox 192 1731 1166 1826; baseline 0.001 -24"><span class='ocrx_word' id='word_1_63' title='bbox 192 1755 321 1803; x_wconf 89' lang='lat' dir='ltr'><strong>omnes</strong></span> <span class='ocrx_word' id='word_1_64' title='bbox 349 1731 499 1802; x_wconf 81' lang='lat' dir='ltr'><strong>effeetus</strong></span> <span class='ocrx_word' id='word_1_65' title='bbox 523 1757 606 1801; x_wconf 90' lang='lat' dir='ltr'><strong>suos</strong></span> <span class='ocrx_word' id='word_1_66' title='bbox 635 1735 788 1826; x_wconf 85' lang='lat' dir='ltr'><strong>recipit,</strong></span> <span class='ocrx_word' id='word_1_67' title='bbox 809 1733 1012 1804; x_wconf 76' lang='lat' dir='ltr'><strong>valentibus</strong></span> <span class='ocrx_word' id='word_1_68' title='bbox 1041 1750 1166 1806; x_wconf 88' lang='lat' dir='ltr'><strong>tamen</strong></span> 
     </span>
     <span class='ocr_line' id='line_1_13' title="bbox 191 1830 1164 1938; baseline 0 -27"><span class='ocrx_word' id='word_1_69' title='bbox 191 1842 333 1912; x_wconf 90' lang='lat' dir='ltr'><strong>ratione</strong></span> <span class='ocrx_word' id='word_1_70' title='bbox 356 1842 566 1928; x_wconf 85' lang='lat' dir='ltr'><strong>tertiorum,</strong></span> <span class='ocrx_word' id='word_1_71' title='bbox 596 1830 749 1927; x_wconf 86' lang='lat' dir='ltr'><strong>actibus,</strong></span> <span class='ocrx_word' id='word_1_72' title='bbox 775 1842 837 1938; x_wconf 90' lang='lat' dir='ltr'><strong>qui</strong></span> <span class='ocrx_word' id='word_1_73' title='bbox 866 1835 1021 1912; x_wconf 84' lang='lat' dir='ltr'><strong>durante</strong></span> <span class='ocrx_word' id='word_1_74' title='bbox 1048 1844 1164 1913; x_wconf 87' lang='lat' dir='ltr'><strong>inter-</strong></span> 
     </span>
     <span class='ocr_line' id='line_1_14' title="bbox 150 1952 1165 2051; baseline 0.003 -27"><span class='ocrx_word' id='word_1_75' title='bbox 150 1993 153 1998; x_wconf 95' lang='lat'>·</span> <span class='ocrx_word' id='word_1_76' title='bbox 191 1952 288 2024; x_wconf 82' lang='lat' dir='ltr'><strong>vallo</strong></span> <span class='ocrx_word' id='word_1_77' title='bbox 313 1980 332 2022; x_wconf 89' lang='lat' dir='ltr'><strong>a</strong></span> <span class='ocrx_word' id='word_1_78' title='bbox 361 1956 590 2051; x_wconf 80' lang='lat' dir='ltr'><strong>separatione</strong></span> <span class='ocrx_word' id='word_1_79' title='bbox 611 1974 728 2050; x_wconf 85' lang='lat' dir='ltr'><strong>usque</strong></span> <span class='ocrx_word' id='word_1_80' title='bbox 756 1952 800 2023; x_wconf 93' lang='lat' dir='ltr'><strong>ad</strong></span> <span class='ocrx_word' id='word_1_81' title='bbox 825 1952 1165 2027; x_wconf 87' lang='lat' dir='ltr'><strong>reconciliationem</strong></span> 
     </span>
     <span class='ocr_line' id='line_1_15' title="bbox 190 2066 1163 2155; baseline 0.001 -18"><span class='ocrx_word' id='word_1_82' title='bbox 190 2066 318 2139; x_wconf 90' lang='lat' dir='ltr'><strong>locum</strong></span> <span class='ocrx_word' id='word_1_83' title='bbox 333 2068 540 2141; x_wconf 89' lang='lat' dir='ltr'><strong>habuerunt</strong></span> <span class='ocrx_word' id='word_1_84' title='bbox 556 2095 564 2155; x_wconf 90' lang='lat'>;</span> <span class='ocrx_word' id='word_1_85' title='bbox 582 2069 701 2141; x_wconf 93' lang='lat' dir='ltr'><strong>omnis</strong></span> <span class='ocrx_word' id='word_1_86' title='bbox 721 2083 842 2141; x_wconf 85' lang='lat' dir='ltr'><strong>autem</strong></span> <span class='ocrx_word' id='word_1_87' title='bbox 859 2066 1059 2140; x_wconf 85' lang='lat' dir='ltr'><strong>conventio</strong></span> <span class='ocrx_word' id='word_1_88' title='bbox 1074 2084 1163 2140; x_wconf 83' lang='lat' dir='ltr'><strong>con‘·</strong></span> 
     </span>
     <span class='ocr_line' id='line_1_16' title="bbox 191 2181 678 2255; baseline 0.006 -3"><span class='ocrx_word' id='word_1_89' title='bbox 191 2181 302 2252; x_wconf 85' lang='lat' dir='ltr'><strong>truria</strong></span> <span class='ocrx_word' id='word_1_90' title='bbox 317 2198 369 2255; x_wconf 88' lang='lat' dir='ltr'><strong>est</strong></span> <span class='ocrx_word' id='word_1_91' title='bbox 386 2181 497 2254; x_wconf 91' lang='lat' dir='ltr'><strong>nulla.</strong></span> <span class='ocrx_word' id='word_1_92' title='bbox 517 2184 598 2255; x_wconf 84' lang='lat' dir='ltr'><strong>Art.</strong></span> <span class='ocrx_word' id='word_1_93' title='bbox 623 2183 678 2255; x_wconf 85' lang='lat'><strong>16.</strong></span> 
     </span>
    </p>
   </div>
   <div class='ocr_carea' id='block_1_5' title="bbox 191 2327 1165 2886">
    <p class='ocr_par' dir='ltr' id='par_1_5' title="bbox 191 2327 1165 2886">
     <span class='ocr_line' id='line_1_17' title="bbox 241 2327 1164 2437; baseline 0.003 -28"><span class='ocrx_word' id='word_1_94' title='bbox 241 2327 273 2409; x_wconf 86' lang='lat' dir='ltr'><strong>Si</strong></span> <span class='ocrx_word' id='word_1_95' title='bbox 302 2340 503 2426; x_wconf 86' lang='lat' dir='ltr'><strong>sententia,</strong></span> <span class='ocrx_word' id='word_1_96' title='bbox 534 2364 607 2437; x_wconf 89' lang='lat' dir='ltr'><strong>qua</strong></span> <span class='ocrx_word' id='word_1_97' title='bbox 629 2337 807 2436; x_wconf 77' lang='lat' dir='ltr'><strong>separatio</strong></span> <span class='ocrx_word' id='word_1_98' title='bbox 838 2337 934 2407; x_wconf 89' lang='lat' dir='ltr'><strong>thori</strong></span> <span class='ocrx_word' id='word_1_99' title='bbox 964 2354 1000 2408; x_wconf 91' lang='lat' dir='ltr'><strong>et</strong></span> <span class='ocrx_word' id='word_1_100' title='bbox 1027 2364 1164 2412; x_wconf 70' lang='lat' dir='ltr'><strong>mensas</strong></span> 
     </span>
     <span class='ocr_line' id='line_1_18' title="bbox 192 2447 1163 2557; baseline 0.002 -35"><span class='ocrx_word' id='word_1_101' title='bbox 192 2453 438 2557; x_wconf 83' lang='lat' dir='ltr'><strong>pronunciata</strong></span> <span class='ocrx_word' id='word_1_102' title='bbox 457 2466 524 2540; x_wconf 90' lang='lat' dir='ltr'><strong>est,</strong></span> <span class='ocrx_word' id='word_1_103' title='bbox 549 2449 669 2549; x_wconf 89' lang='lat' dir='ltr'><strong>palam</strong></span> <span class='ocrx_word' id='word_1_104' title='bbox 693 2462 746 2520; x_wconf 92' lang='lat' dir='ltr'><strong>cst</strong></span> <span class='ocrx_word' id='word_1_105' title='bbox 763 2447 874 2536; x_wconf 87' lang='lat' dir='ltr'><strong>faeta,</strong></span> <span class='ocrx_word' id='word_1_106' title='bbox 897 2448 1030 2551; x_wconf 87' lang='lat' dir='ltr'><strong>eodem</strong></span> <span class='ocrx_word' id='word_1_107' title='bbox 1050 2449 1163 2524; x_wconf 89' lang='lat' dir='ltr'><strong>modo</strong></span> 
     </span>
     <span class='ocr_line' id='line_1_19' title="bbox 192 2557 1165 2662; baseline 0.002 -29"><span class='ocrx_word' id='word_1_108' title='bbox 192 2562 372 2662; x_wconf 90' lang='lat' dir='ltr'><strong>publicari</strong></span> <span class='ocrx_word' id='word_1_109' title='bbox 386 2558 516 2650; x_wconf 83' lang='lat' dir='ltr'><strong>debet,</strong></span> <span class='ocrx_word' id='word_1_110' title='bbox 529 2557 796 2661; x_wconf 86' lang='lat' dir='ltr'><strong>separationem</strong></span> <span class='ocrx_word' id='word_1_111' title='bbox 809 2576 1031 2654; x_wconf 82' lang='lat' dir='ltr'><strong>cessasse3et</strong></span> <span class='ocrx_word' id='word_1_112' title='bbox 1040 2587 1165 2660; x_wconf 89' lang='lat' dir='ltr'><strong>quam-</strong></span> 
     </span>
     <span class='ocr_line' id='line_1_20' title="bbox 191 2671 1164 2774; baseline 0 -30"><span class='ocrx_word' id='word_1_113' title='bbox 191 2673 255 2746; x_wconf 92' lang='lat' dir='ltr'><strong>diu</strong></span> <span class='ocrx_word' id='word_1_114' title='bbox 270 2675 340 2746; x_wconf 82' lang='lat' dir='ltr'><strong>lroc</strong></span> <span class='ocrx_word' id='word_1_115' title='bbox 356 2673 493 2747; x_wconf 84' lang='lat' dir='ltr'><strong>factum</strong></span> <span class='ocrx_word' id='word_1_116' title='bbox 509 2698 586 2744; x_wconf 91' lang='lat' dir='ltr'><strong>non</strong></span> <span class='ocrx_word' id='word_1_117' title='bbox 598 2687 667 2761; x_wconf 88' lang='lat' dir='ltr'><strong>est,</strong></span> <span class='ocrx_word' id='word_1_118' title='bbox 680 2671 853 2774; x_wconf 81' lang='lat' dir='ltr'><strong>conjuges</strong></span> <span class='ocrx_word' id='word_1_119' title='bbox 868 2672 1018 2747; x_wconf 86' lang='lat' dir='ltr'><strong>effectus</strong></span> <span class='ocrx_word' id='word_1_120' title='bbox 1030 2700 1164 2749; x_wconf 88' lang='lat' dir='ltr'><strong>recon-</strong></span> 
     </span>
     <span class='ocr_line' id='line_1_21' title="bbox 193 2783 1090 2886; baseline 0.002 -26"><span class='ocrx_word' id='word_1_121' title='bbox 193 2783 387 2879; x_wconf 80' lang='lat' dir='ltr'><strong>ciliationis</strong></span> <span class='ocrx_word' id='word_1_122' title='bbox 405 2783 517 2858; x_wconf 89' lang='lat' dir='ltr'><strong>tertiis</strong></span> <span class='ocrx_word' id='word_1_123' title='bbox 534 2783 699 2884; x_wconf 87' lang='lat' dir='ltr'><strong>objicere</strong></span> <span class='ocrx_word' id='word_1_124' title='bbox 714 2801 922 2886; x_wconf 34' lang='lat' dir='ltr'><strong>nequeunt..</strong></span> <span class='ocrx_word' id='word_1_125' title='bbox 935 2786 1009 2860; x_wconf 82' lang='lat' dir='ltr'><strong>Art.</strong></span> <span class='ocrx_word' id='word_1_126' title='bbox 1036 2810 1090 2886; x_wconf 86' lang='lat'><strong>17.</strong></span> 
     </span>
    </p>
   </div>
   <div class='ocr_carea' id='block_1_6' title="bbox 112 2945 1166 4173">
    <p class='ocr_par' dir='ltr' id='par_1_6' title="bbox 112 2945 1166 3283">
     <span class='ocr_line' id='line_1_22' title="bbox 239 2945 1164 3052; baseline 0.002 -30"><span class='ocrx_word' id='word_1_127' title='bbox 239 2951 307 3022; x_wconf 90' lang='lat' dir='ltr'><strong>Hae</strong></span> <span class='ocrx_word' id='word_1_128' title='bbox 325 2963 408 3022; x_wconf 93' lang='lat' dir='ltr'><strong>sunt</strong></span> <span class='ocrx_word' id='word_1_129' title='bbox 423 2948 528 3048; x_wconf 85' lang='lat' dir='ltr'><strong>igitur</strong></span> <span class='ocrx_word' id='word_1_130' title='bbox 548 2945 816 3048; x_wconf 90' lang='lat' dir='ltr'><strong>dispositiones,</strong></span> <span class='ocrx_word' id='word_1_131' title='bbox 837 2975 919 3046; x_wconf 89' lang='lat' dir='ltr'><strong>quae</strong></span> <span class='ocrx_word' id='word_1_132' title='bbox 942 2948 1164 3052; x_wconf 88' lang='lat' dir='ltr'><strong>separationi</strong></span> 
     </span>
     <span class='ocr_line' id='line_1_23' title="bbox 191 3063 1166 3163; baseline -0.004 -26"><span class='ocrx_word' id='word_1_133' title='bbox 191 3063 287 3137; x_wconf 89' lang='lat' dir='ltr'><strong>thori</strong></span> <span class='ocrx_word' id='word_1_134' title='bbox 299 3081 334 3139; x_wconf 88' lang='lat' dir='ltr'><strong>et</strong></span> <span class='ocrx_word' id='word_1_135' title='bbox 346 3090 481 3137; x_wconf 87' lang='lat' dir='ltr'><strong>mensae</strong></span> <span class='ocrx_word' id='word_1_136' title='bbox 492 3063 650 3163; x_wconf 89' lang='lat' dir='ltr'><strong>propriae</strong></span> <span class='ocrx_word' id='word_1_137' title='bbox 665 3063 855 3133; x_wconf 90' lang='lat' dir='ltr'><strong>sunt.Sunt</strong></span> <span class='ocrx_word' id='word_1_138' title='bbox 869 3077 1060 3159; x_wconf 88' lang='lat' dir='ltr'><strong>praeterea</strong></span> <span class='ocrx_word' id='word_1_139' title='bbox 1075 3065 1166 3134; x_wconf 90' lang='lat' dir='ltr'><strong>mul·</strong></span> 
     </span>
     <span class='ocr_line' id='line_1_24' title="bbox 112 3173 1163 3283; baseline -0.009 -28"><span class='ocrx_word' id='word_1_140' title='bbox 112 3260 115 3268; x_wconf 66' lang='grc'><strong>,</strong></span> <span class='ocrx_word' id='word_1_141' title='bbox 190 3196 237 3283; x_wconf 66' lang='lat' dir='ltr'><strong>loe</strong></span> <span class='ocrx_word' id='word_1_142' title='bbox 258 3180 354 3266; x_wconf 89' lang='lat' dir='ltr'><strong>aliae,</strong></span> <span class='ocrx_word' id='word_1_143' title='bbox 376 3203 466 3278; x_wconf 88' lang='lat' dir='ltr'><strong>quas</strong></span> <span class='ocrx_word' id='word_1_144' title='bbox 481 3176 542 3247; x_wconf 91' lang='lat' dir='ltr'><strong>illa</strong></span> <span class='ocrx_word' id='word_1_145' title='bbox 561 3173 752 3276; x_wconf 89' lang='lat' dir='ltr'><strong>separatio,</strong></span> <span class='ocrx_word' id='word_1_146' title='bbox 769 3188 921 3271; x_wconf 89' lang='lat' dir='ltr'><strong>propter</strong></span> <span class='ocrx_word' id='word_1_147' title='bbox 936 3198 1081 3245; x_wconf 88' lang='lat' dir='ltr'><strong>causam</strong></span> <span class='ocrx_word' id='word_1_148' title='bbox 1098 3173 1163 3246; x_wconf 89' lang='lat' dir='ltr'><strong>de-</strong></span> 
     </span>
    </p>

    <p class='ocr_par' dir='ltr' id='par_1_7' title="bbox 119 3284 1164 4173">
     <span class='ocr_line' id='line_1_25' title="bbox 154 3284 1164 3391; baseline -0.002 -29"><span class='ocrx_word' id='word_1_149' title='bbox 154 3328 159 3345; x_wconf 83' lang='lat'><em>=</em></span> <span class='ocrx_word' id='word_1_150' title='bbox 191 3289 331 3362; x_wconf 88' lang='lat' dir='ltr'><strong>finitam</strong></span> <span class='ocrx_word' id='word_1_151' title='bbox 356 3290 482 3391; x_wconf 89' lang='lat' dir='ltr'><strong>petita,</strong></span> <span class='ocrx_word' id='word_1_152' title='bbox 514 3314 599 3361; x_wconf 89' lang='lat' dir='ltr'><strong>eum</strong></span> <span class='ocrx_word' id='word_1_153' title='bbox 628 3284 785 3359; x_wconf 89' lang='lat' dir='ltr'><strong>divortio</strong></span> <span class='ocrx_word' id='word_1_154' title='bbox 815 3309 1029 3359; x_wconf 87' lang='lat' dir='ltr'><strong>communes</strong></span> <span class='ocrx_word' id='word_1_155' title='bbox 1053 3285 1164 3360; x_wconf 92' lang='lat' dir='ltr'><strong>habet</strong></span> 
     </span>
     <span class='ocr_line' id='line_1_26' title="bbox 195 3397 1164 3498; baseline -0.009 -17"><span class='ocrx_word' id='word_1_156' title='bbox 195 3407 232 3481; x_wconf 86' lang='lat' dir='ltr'><em>V</em></span> <span class='ocrx_word' id='word_1_157' title='bbox 229 3405 278 3476; x_wconf 85' lang='lat' dir='ltr'><strong>id.</strong></span> <span class='ocrx_word' id='word_1_158' title='bbox 306 3422 371 3476; x_wconf 83' lang='lat' dir='ltr'><strong>ort.</strong></span> <span class='ocrx_word' id='word_1_159' title='bbox 404 3404 465 3494; x_wconf 66' lang='lat'><strong>14,</strong></span> <span class='ocrx_word' id='word_1_160' title='bbox 485 3401 549 3476; x_wconf 87' lang='lat' dir='ltr'><strong>ubi</strong></span> <span class='ocrx_word' id='word_1_161' title='bbox 572 3425 701 3475; x_wconf 91' lang='lat' dir='ltr'><strong>omnes</strong></span> <span class='ocrx_word' id='word_1_162' title='bbox 737 3397 878 3471; x_wconf 88' lang='lat' dir='ltr'><strong>articuli</strong></span> <span class='ocrx_word' id='word_1_163' title='bbox 902 3405 999 3485; x_wconf 81' lang='lat' dir='ltr'><strong>tituli</strong></span> <span class='ocrx_word' id='word_1_164' title='bbox 1020 3403 1072 3484; x_wconf 92' lang='lat' dir='ltr'><strong>X,</strong></span> <span class='ocrx_word' id='word_1_165' title='bbox 1097 3401 1164 3498; x_wconf 90' lang='lat' dir='ltr'><strong>qui</strong></span> 
     </span>
     <span class='ocr_line' id='line_1_27' title="bbox 193 3511 1164 3609; baseline -0.01 -21"><span class='ocrx_word' id='word_1_166' title='bbox 193 3517 304 3589; x_wconf 90' lang='lat' dir='ltr'><strong>etiam</strong></span> <span class='ocrx_word' id='word_1_167' title='bbox 321 3515 479 3589; x_wconf 89' lang='lat' dir='ltr'><strong>adhunc</strong></span> <span class='ocrx_word' id='word_1_168' title='bbox 496 3523 640 3588; x_wconf 85' lang='lat' dir='ltr'><strong>titulum</strong></span> <span class='ocrx_word' id='word_1_169' title='bbox 653 3514 713 3584; x_wconf 91' lang='lat' dir='ltr'><strong>XI</strong></span> <span class='ocrx_word' id='word_1_170' title='bbox 726 3511 928 3609; x_wconf 89' lang='lat' dir='ltr'><strong>pertinent,</strong></span> <span class='ocrx_word' id='word_1_171' title='bbox 946 3533 1164 3594; x_wconf 67' lang='lat' dir='ltr'><strong>enumerem</strong></span> 
     </span>
     <span class='ocr_line' id='line_1_28' title="bbox 190 3623 1162 3727; baseline -0.008 -23"><span class='ocrx_word' id='word_1_172' title='bbox 190 3645 260 3704; x_wconf 89' lang='lat' dir='ltr'><strong>tur.</strong></span> <span class='ocrx_word' id='word_1_173' title='bbox 280 3633 338 3704; x_wconf 88' lang='lat' dir='ltr'><strong>Sic</strong></span> <span class='ocrx_word' id='word_1_174' title='bbox 355 3631 392 3702; x_wconf 91' lang='lat' dir='ltr'><strong>in</strong></span> <span class='ocrx_word' id='word_1_175' title='bbox 409 3629 553 3703; x_wconf 87' lang='lat' dir='ltr'><strong>actione</strong></span> <span class='ocrx_word' id='word_1_176' title='bbox 577 3625 815 3727; x_wconf 86' lang='lat' dir='ltr'><strong>separationis</strong></span> <span class='ocrx_word' id='word_1_177' title='bbox 836 3623 933 3696; x_wconf 91' lang='lat' dir='ltr'><strong>thori</strong></span> <span class='ocrx_word' id='word_1_178' title='bbox 952 3637 988 3694; x_wconf 90' lang='lat' dir='ltr'><strong>et</strong></span> <span class='ocrx_word' id='word_1_179' title='bbox 1014 3646 1162 3696; x_wconf 85' lang='lat' dir='ltr'><strong>mensae</strong></span> 
     </span>
     <span class='ocr_line' id='line_1_29' title="bbox 189 3728 1162 3846; baseline -0.005 -30"><span class='ocrx_word' id='word_1_180' title='bbox 189 3728 342 3846; x_wconf 90' lang='lat' dir='ltr'><strong>propter</strong></span> <span class='ocrx_word' id='word_1_181' title='bbox 360 3742 590 3829; x_wconf 90' lang='lat' dir='ltr'><strong>adulterium,</strong></span> <span class='ocrx_word' id='word_1_182' title='bbox 610 3739 856 3813; x_wconf 88' lang='lat' dir='ltr'><strong>desertionem</strong></span> <span class='ocrx_word' id='word_1_183' title='bbox 876 3734 1110 3824; x_wconf 86' lang='lat' dir='ltr'><strong>malitiosam,</strong></span> <span class='ocrx_word' id='word_1_184' title='bbox 1126 3751 1162 3811; x_wconf 81' lang='lat' dir='ltr'><strong>et</strong></span> 
     </span>
     <span class='ocr_line' id='line_1_30' title="bbox 190 3846 1163 3951; baseline -0.007 -21"><span class='ocrx_word' id='word_1_185' title='bbox 190 3854 541 3930; x_wconf 90' lang='lat' dir='ltr'><strong>condemnationem</strong></span> <span class='ocrx_word' id='word_1_186' title='bbox 555 3877 650 3951; x_wconf 89' lang='lat' dir='ltr'><strong>quae</strong></span> <span class='ocrx_word' id='word_1_187' title='bbox 665 3850 851 3923; x_wconf 85' lang='lat' dir='ltr'><strong>infamiam</strong></span> <span class='ocrx_word' id='word_1_188' title='bbox 868 3846 1017 3945; x_wconf 83' lang='lat' dir='ltr'><strong>irrogat,</strong></span> <span class='ocrx_word' id='word_1_189' title='bbox 1032 3847 1163 3923; x_wconf 89' lang='lat' dir='ltr'><strong>eadem</strong></span> 
     </span>
     <span class='ocr_line' id='line_1_31' title="bbox 189 3957 1160 4074; baseline -0.007 -34"><span class='ocrx_word' id='word_1_190' title='bbox 189 3993 340 4074; x_wconf 83' lang='lat' dir='ltr'><strong>prorsus</strong></span> <span class='ocrx_word' id='word_1_191' title='bbox 373 3962 601 4040; x_wconf 82' lang='lat' dir='ltr'><strong>observanda</strong></span> <span class='ocrx_word' id='word_1_192' title='bbox 628 3980 726 4051; x_wconf 90' lang='lat' dir='ltr'><strong>sunt,</strong></span> <span class='ocrx_word' id='word_1_193' title='bbox 750 3983 845 4058; x_wconf 88' lang='lat' dir='ltr'><strong>quae</strong></span> <span class='ocrx_word' id='word_1_194' title='bbox 872 3957 998 4029; x_wconf 91' lang='lat' dir='ltr'><strong>locum</strong></span> <span class='ocrx_word' id='word_1_195' title='bbox 1022 3957 1160 4034; x_wconf 83' lang='lat' dir='ltr'><strong>habere</strong></span> 
     </span>
     <span class='ocr_line' id='line_1_32' title="bbox 119 4069 1164 4173; baseline -0.003 -20"><span class='ocrx_word' id='word_1_196' title='bbox 119 4084 125 4101; x_wconf 78' lang='lat'>‘</span> <span class='ocrx_word' id='word_1_197' title='bbox 189 4076 347 4156; x_wconf 78' lang='lat' dir='ltr'><strong>&#39;vidimus</strong></span> <span class='ocrx_word' id='word_1_198' title='bbox 366 4081 465 4154; x_wconf 86' lang='lat' dir='ltr'><strong>eirea</strong></span> <span class='ocrx_word' id='word_1_199' title='bbox 482 4074 666 4169; x_wconf 77' lang='lat' dir='ltr'><strong>actionem</strong></span> <span class='ocrx_word' id='word_1_200' title='bbox 683 4071 829 4149; x_wconf 81' lang='lat' dir='ltr'><strong>diuortii</strong></span> <span class='ocrx_word' id='word_1_201' title='bbox 844 4085 994 4173; x_wconf 88' lang='lat' dir='ltr'><strong>propter</strong></span> <span class='ocrx_word' id='word_1_202' title='bbox 1014 4069 1164 4150; x_wconf 86' lang='lat' dir='ltr'><strong>easdem</strong></span> 
     </span>
    </p>
   </div>
   <div class='ocr_carea' id='block_1_7' title="bbox 0 0 1302 4724">
    <p class='ocr_par' dir='ltr' id='par_1_8' title="bbox 0 0 1302 4724">
     <span class='ocr_line' id='line_1_33' title="bbox 0 0 1302 4724; baseline 0 1"><span class='ocrx_word' id='word_1_203' title='bbox 0 0 1302 4724; x_wconf 95' lang='lat' dir='ltr'><strong> </strong></span> 
     </span>
    </p>
   </div>
  </div>
 </body>
</html>
