2596 4724
587 364 717 463 ’(69)

160 489 365 564 bliothecas
385 506 420 563 et
437 490 677 566 collectiones
692 520 817 567 rerum
838 494 885 567 ad
903 510 999 568 artes
1021 495 1134 570 disci-

160 604 356 703 plinasque
384 606 673 703 pertinentium,
691 607 812 680 soluto
831 609 962 707 pretio,
979 633 1055 707 quo
1076 634 1135 681 res

161 718 235 791 itlae
247 716 385 792 fuerint
400 720 595 796 aestimatae.
611 723 693 799 Art.
713 751 767 822 ¹7·
790 723 878 796 Haec
893 721 1079 823 dispositio
1098 723 1137 794 in

164 831 338 906 omnibus
363 830 442 906 fare
461 836 680 934 provinciis,
700 837 737 907 in
758 836 893 937 quibus
908 852 1014 910 antea
1033 862 1139 910 com-

162 946 291 1021 munio
310 949 521 1050 universalis
536 950 656 1023 locum
670 950 847 1036 babebat,
866 949 912 1021 ad
930 949 1039 1048 hujus
1054 976 1137 1051 sys-

162 1077 261 1135 tema
275 1065 492 1164 pertinebat,
509 1065 684 1167 ideoque,
701 1092 788 1138 cum
801 1066 912 1138 etiam
925 1064 1035 1138 bodie
1049 1093 1137 1139 mo-

162 1174 266 1248 ribus
294 1182 429 1252 nostris
461 1193 497 1251 et
530 1178 858 1255 consuetudinibus
887 1194 1138 1251 consentanea

162 1289 222 1376 sit,
238 1293 403 1363 restituta
424 1306 496 1378 est,
518 1307 558 1364 ut
577 1289 834 1364 ita'satisfieret
847 1289 1029 1364 desiderio
1049 1290 1137 1365 illo-

158 1426 261 1491 rum‚
287 1404 351 1502 qui
374 1402 523 1505 aliquod
550 1405 583 1480 ei
603 1404 749 1505 pondus
769 1417 805 1478 et
822 1419 1053 1481 momentum
1066 1405 1138 1478 tri-

159 1512 330 1591 buerent.

206 1686 295 1755 Post
313 1682 528 1758 dissolutam
562 1686 867 1760 communionem
901 1693 1136 1763 universalem

157 1798 411 1894 unusquisque
454 1797 656 1896 conjugum
695 1815 842 1872 tenetur
880 1814 1022 1870 tantum
1065 1824 1136 1896 pro

157 1906 310 1979 dimidia
325 1925 429 2008 parte
443 1909 490 1983 de
505 1909 649 1999 debitis,
666 1925 783 1984 stante
799 1911 1035 1984 matrimonio
1051 1937 1139 1985 cou-

156 2020 299 2110 tractis,
335 2021 404 2098 nisi
436 2022 611 2095 alteruter
639 2048 678 2096 se
702 2023 754 2105 xin
784 2021 966 2121 majorem
993 2037 1138 2125 partem

159 2131 388 2234 obligaverit.
406 2138 485 2208 Art.
510 2135 563 2208 15.
584 2140 765 2235 Rogatum
790 2151 865 2225 est,
882 2162 1008 2210 nonne
1032 2135 1138 2210 statui

157 2243 328 2338 deberet,
348 2263 389 2320 ut
407 2263 563 2349 uterque
582 2248 720 2345 conjux
734 2256 770 2321 in
787 2252 939 2323 solidum
955 2249 1137 2350 obligatus

155 2373 325 2430 maneret
354 2359 497 2430 ratione
529 2357 751 2447 debitorum,
770 2375 884 2432 stante
900 2363 1137 2435 matrimonio

159 2471 471 2545 contractorum?
489 2472 718 2573 Responsum
744 2488 816 2561 est,
837 2471 1014 2574 quamdiu
1035 2471 1137 2549 bona

158 2587 430 2661 communionis
449 2586 618 2667 nondum
645 2585 760 2661 divisa
777 2603 884 2679 sunt,
913 2614 955 2663 ea
976 2586 1135 2686 obligata

158 2727 311 2774 manere
339 2700 600 2789 creditoribus,
621 2702 685 2775 sed
716 2700 896 2775 divisione
922 2698 1039 2789 facit,
1060 2724 1139 2801 non

123 2864 126 2869 -
159 2812 342 2914 majorem
360 2841 508 2889 causam
524 2814 665 2904 adesse,
685 2840 755 2888 cur
772 2814 948 2916 conjuges
961 2838 1137 2892 eorumve

158 2928 314 3004 heredes
344 2937 382 3004 in
411 2918 564 3005 solidum
596 2930 880 3020 conveniantur,
921 2955 1035 3029 quam
1061 2929 1135 3003 boc

158 3045 303 3121 obtinet
329 3047 471 3141 ratione
498 3044 745 3132 coheredum,
772 3045 837 3143 qui
864 3044 1137 3120 successionem
1219 3096 1222 3100 -

157 3160 256 3233 inter
276 3185 315 3234 se
341 3158 565 3244 diviserunt,
586 3172 622 3231 et
652 3181 722 3256 pro
741 3161 840 3229 virili
872 3169 1013 3229 tantum
1031 3168 1136 3255 parte

157 3271 307 3372 obligati
320 3286 413 3345 sunt.
428 3272 509 3347 nid..
519 3272 680 3367 Respons
696 3267 886 3349 adohserv.
902 3285 969 3342 art.
984 3268 1036 3344 15.
1046 3268 1136 3346 Haee

157 3413 248 3461 vero
283 3385 474 3485 dispositio
504 3410 582 3458 non
612 3385 771 3483 pertinet
811 3385 857 3464 ad
888 3384 1010 3459 debita
1053 3400 1136 3461 ante

158 3500 306 3602 nuptias
319 3513 530 3591 contracta;
551 3497 598 3571 de
611 3496 666 3570 bis
685 3498 785 3570 enim
801 3514 884 3600 post
901 3498 1137 3574 communio-

160 3642 249 3688 nem
269 3612 482 3686 dissolutam
503 3626 652 3692 tenetur
674 3627 815 3687 tantum
831 3611 982 3712 conjux,
1008 3611 1072 3711 qui
1092 3636 1148 3686 ea'
1185 3705 1187 3709 Ι

122 3815 125 3818 ,
160 3729 360 3818 contraxit,
381 3726 504 3828 ejusve
518 3727 671 3802 heredes
681 3752 696 3819 ,‘
705 3730 806 3804 salvo
820 3754 986 3828 regressu
1000 3727 1136 3803 adver*

161 3867 222 3915 sus
255 3844 410 3921 alterum
436 3842 656 3945 conjugum,
682 3845 740 3922 vel
776 3841 853 3941 ejus
886 3842 1059 3930 herede8‚
1088 3843 1135 3916 ad

159 3952 348 4033 dimidiam
367 3970 509 4056 partem
535 3956 783 4056 repetendam.
803 3956 883 4027 Art.
913 3958 967 4028 18.
993 3956 1134 4033 Verum

161 4067 316 4177 quidem
341 4084 411 4183 est,
436 4068 652 4175 creditores.
672 4067 934 4147 commuuione
961 4065 1132 4165 durante,
