2610 4718
573 369 589 466 (
618 371 726 466 118)

217 498 354 587 Quodsi
383 497 520 598 rejecta
551 513 604 572 est
640 499 779 598 petitio,
800 496 972 599 conjuges
1005 497 1133 574 libello

168 612 332 710 supplice
350 602 524 713 judicem¹
537 615 763 714 superiorem
779 638 908 712 rogare
917 627 1079 711 possunt,
1096 628 1134 690 ut

165 727 345 799 seritentia
357 725 593 808 reformetur.
609 728 684 815 aas.
696 752 730 824 9.
749 725 840 796 Cum
854 713 975 796 autem
991 721 1134 796 difficile

164 833 224 908 lex
242 835 393 912 delinire
420 840 554 938 possit,
589 837 809 937 quibusnam
838 835 979 908 casibus
1006 835 1134 933 petitio

164 946 267 1044 rejici
286 932 435 1036 debeat,
455 949 525 1021 hoc
542 949 671 1048 judicis
690 948 841 1020 arbitrio
856 947 1135 1045 estrelinquen-

165 1048 350 1133 dumnid.
363 1065 531 1158 Respons.
553 1064 603 1135 ad
618 1063 785 1137 observat.
805 1063 839 1132 α’.
856 1078 922 1134 art.
940 1089 973 1159 9.
992 1059 1134 1134 Obser-

163 1171 260 1246 vavit
279 1175 391 1247 sectio
412 1173 578 1274 quaedam
601 1173 782 1271 Ordinum
797 1172 1022 1272 generalium
1042 1171 1134 1243 arti-

163 1286 265 1359 culos
285 1289 319 1375 5,
336 1290 371 1377 6,
393 1318 436 1388 7,
457 1296 530 1364 8et
545 1317 578 1388 9.
606 1288 652 1360 ad
676 1286 888 1360 methodum
909 1285 1134 1385 procedendi

161 1401 367 1497 pertinere3
401 1403 629 1502 Responsum
661 1424 749 1471 vero
779 1413 848 1488 est,
878 1398 949 1470 hoc
982 1422 1057 1469 non
1085 1397 1133 1469 ita

161 1510 295 1598 videri,
310 1515 487 1610 quoniam
506 1513 557 1583 illi
578 1511 719 1584 articuli
739 1509 860 1609 plures
876 1507 1134 1605 dispositiones

159 1619 250 1719 juris
269 1625 412 1721 positivi
436 1625 640 1704 continent,
665 1623 801 1716 quippe
827 1635 1023 1691 statuentes
1042 1647 1134 1694 cou-

160 1734 332 1820 ditioncs‚
362 1760 445 1833 quae
474 1735 735 1832 requiruntur,
769 1745 808 1802 ut
835 1731 1016 1829 separatio
1038 1734 1134 1808 thori

161 1861 198 1921 et
212 1861 346 1926 mensae
364 1874 430 1948 per
441 1862 606 1919 mutuum
619 1871 839 1921 consensum
852 1844 978 1917 locum
996 1843 1134 1919 habere

58 2048 66 2056 κ
159 1961 285 2060 possit.
305 1964 380 2036 vid.
398 1963 569 2059 Respons.
588 1961 637 2033 ad
653 1959 784 2034 observ.
801 1959 859 2034 dd.
879 1984 936 2036 aa.

208 2118 291 2188 Jam
310 2118 498 2190 videamus
513 2117 560 2189 de
574 2114 762 2191 effectibus
780 2116 1017 2216 separationis
1034 2115 1132 2195 thori
1189 2215 1191 2218 Α

164 2244 200 2301 et
213 2256 362 2302 mensae.
434 2299 436 2303 .

61 2480 66 2489 ὁ
215 2412 259 2466 1⁰.
291 2393 381 2466 Haec
419 2391 599 2494 separatio
640 2417 718 2465 non
754 2374 918 2464 dissolvit
942 2391 1133 2466 matrimo-

159 2504 280 2595 nium,
312 2506 378 2578 sed
400 2503 576 2604 conjuges
593 2502 726 2576 liberat
757 2502 982 2602 obligatione
1005 2529 1133 2583 secum

157 2618 317 2697 invicem
331 2616 529 2691 babitandi.
546 2618 625 2695 Art.
646 2643 700 2694 10.

206 2772 257 2859 '2⁰.
283 2787 557 2889 Separationem
580 2786 677 2859 thori
698 2800 735 2859 et
752 2811 888 2861 mensae
906 2811 1053 2888 semper
1074 2814 1131 2862 so*

158 2899 282 3003 quitur
298 2900 477 2997 separatio
493 2899 698 2987 bonorum,
722 2915 757 2971 et
768 2900 981 2973 communio
999 2898 1130 2974 dissol-

156 3012 253 3085 vitur
272 3035 376 3115 aeque
394 3035 435 3082 ac
455 3011 483 3081 si
496 3009 769 3087 matrimonium
789 3010 898 3109 plane
911 3011 1130 3087 dissolutum
1169 3027 1176 3044 '

156 3138 263 3199 esset.
283 3126 358 3196 Art.
391 3150 443 3196 rr.
465 3122 595 3223 Neque
616 3139 738 3197 tamen
764 3124 840 3197 liaec
867 3129 1045 3226 separatio
1065 3154 1128 3198 ra-

156 3241 256 3312 tione
281 3238 474 3312 tertiorum
492 3238 608 3310 ullum
627 3237 798 3342 producit
816 3237 1003 3329 effectum,
1027 3254 1126 3315 ante·

156 3381 270 3455 quam
288 3354 482 3443 sententia,
502 3381 574 3459 qua
591 3354 832 3463 pronunciata
850 3371 921 3446 est,
942 3347 1125 3461 publicata

156 3469 211 3544 sit.
232 3472 310 3542 Arc.
337 3469 389 3542 13.
772 3493 774 3497 ·

203 3632 512 3731 3⁰.'Separatioue
538 3633 634 3707 thori
666 3614 702 3706 et
731 3659 866 3709 mensae
893 3630 1126 3732 suspenditur

153 3749 274 3824 mariti
293 3763 468 3846 potestas,
490 3765 668 3848 quantum
684 3751 810 3824 attinet
829 3751 874 3823 ad
893 3747 1125 3828 administra..

152 3863 293 3933 tionem
323 3860 515 3935 bonorum·
535 3864 666 3940 uxoris,
690 3867 770 3938 Art.
802 3891 853 3936 12.
882 3863 996 3936 Hanc·
1014 3865 1124 3964 igitur

152 3973 504 4050 administrationem
535 3978 610 4075 ipsa
637 4004 729 4050 uxor
758 3976 908 4076 recipit,
939 4003 1020 4076 quae
1044 3977 1126 4051 nou

153 4080 382 4163 obstantibus
416 4086 714 4190 dispositionibus
755 4093 904 4185 articuli
927 4087 970 4190 6,
986 4095 1040 4168 tit.
1071 4092 1124 4191 V,
