2596 4724
579 354 591 399 ι

62 489 66 495 -
86 446 312 552 peculiarem
330 329 582 527 merebaniui.
607 328 643 527 l3
639 456 686 528 id.
709 472 778 534 art.
799 480 846 530 20
864 467 902 532 et
919 482 1015 558 seqq.
1030 472 1066 535 et

86 563 407 662 corfinllespons.
427 566 477 638 ad
493 565 637 642 observ.
655 567 691 639 h.
713 583 779 642 art.

136 710 182 780 In
215 724 371 812 utraque
398 714 663 788 communione
692 714 739 789 de
760 716 859 790 bonis
878 717 1066 793 mobilibus

86 823 187 898 idem
206 824 405 899 dicendum
434 843 509 920 est;
543 829 581 900 in
607 843 740 903 neutra
767 831 867 903 enim
890 855 1067 931 compre-
1107 815 1111 823 ⁵

85 937 300 1013 henduntur
314 967 373 1014 res
392 941 566 1032 mobiles,
593 969 684 1044 quas
700 942 875 1044 conjuges
894 929 954 1018 die
970 943 1064 1021 cele·

84 1049 266 1127 brationis
300 1055 527 1128 matrimonii
551 1055 779 1154 possident,
822 1080 944 1153 neque
978 1083 1068 1150 eae,

88 1191 182 1264 quas
201 1165 375 1266 deinceps
393 1169 500 1241 titulo
520 1168 729 1241 donationis
747 1180 808 1239 aut
824 1167 1068 1241 successionis

85 1281 292 1378 acquirunt.
316 1287 390 1356 Art.
408 1308 453 1355 20
466 1297 502 1355 et
516 1307 572 1351 21.
587 1280 684 1352 Hinc
699 1281 876 1380 sequitur,
890 1279 1065 1356 dissoluta

85 1394 376 1484 commuuione,
398 1411 594 1498 postquam
612 1393 786 1496 conjuges
807 1420 982 1470 eorumve
994 1396 1066 1471 he-

83 1505 192 1581 redes
220 1511 477 1614 praeceperint
501 1511 625 1585 omnia
649 1537 712 1600 ea,
730 1536 814 1610 quae
835 1511 941 1585 allata
961 1534 1064 1602 csse,

80 1618 151 1692 rite
163 1620 361 1720 probatum
378 1623 502 1711 fuerit,
523 1637 559 1695 et
577 1637 776 1724 postquam
790 1623 908 1698 soluta
927 1621 1064 1700 fuerint

82 1730 227 1821 debita,
249 1737 446 1832 dequibus
466 1735 671 1807 secundum
689 1754 758 1808 art.
781 1764 827 1810 20
847 1743 1064 1813 communio

83 1848 179 1920 lucri
207 1862 242 1919 et
260 1848 384 1918 damni
400 1861 566 1939 tenetur3
596 1847 686 1917 nihil
710 1846 808 1917 aliud
824 1846 1064 1923 dividendum

84 1980 178 2046 esse,
193 1959 261 2030 nisi
275 1957 389 2046 bona,
406 1985 489 2059 quac
500 1955 675 2057 conjuges
691 1970 806 2032 stante
825 1960 1063 2034 matrimonio

84 2070 191 2145 titulo
208 2097 368 2148 oneroso
389 2073 677 2173 acquisiverunt,
702 2097 773 2145 neo
792 2099 869 2145 non
889 2099 956 2161 ea,
978 2099 1063 2174 quae

82 2210 127 2259 ex
139 2188 338 2288 utriusque
359 2188 488 2261 labore
505 2204 615 2288 atque
630 2186 824 2276 industria,
839 2188 934 2262 sicut
953 2191 1064 2264 ctiam

80 2325 126 2373 ex
148 2328 288 2374 corum
312 2302 541 2399 parcimonia
570 2302 712 2371 ratione
740 2299 927 2374 fructuum
946 2318 1062 2385 etue·-¹

78 2414 241 2504 (lituum,
257 2427 526 2516 provenerunt.
546 2411 626 2484 Art.
650 2411 708 2503 24.

132 2564 183 2637 Ut
203 2578 326 2638 autem
344 2578 692 2661 constet‚quaenam
708 2561 810 2635 bona
822 2559 974 2636 mobilia
987 2563 1063 2665 jam

82 2673 166 2751 ante
188 2677 469 2750 matrimonium
489 2677 526 2745 in
547 2675 752 2749 alterutrius
769 2675 969 2778 conjugum
988 2679 1063 2760 do-

83 2789 202 2862 minio
228 2788 386 2877 fuerint,
415 2813 545 2874 eorum
565 2786 763 2888 descriptio
789 2785 869 2860 fieri
890 2789 1001 2866 debet
1023 2794 1063 2866 in

84 2907 164 3005 ipso
193 2917 384 2977 contractu
404 2901 580 3003 nuptiali,
599 2902 657 2996 ¹vel
677 2902 713 2973 in
735 2904 943 2977 inventario
969 2907 1064 2980 sub-

84 3019 221 3118 scripto
238 3043 269 3087 ·a
294 3018 441 3090 notario
464 3031 500 3088 et
520 3015 699 3116 partibus,
720 3029 756 3086 et
776 3015 919 3088 adnexo
951 3021 1062 3123 origi-

83 3133 158 3204 nali
185 3131 397 3205 contractus
428 3131 690 3214 instrumento,
710 3127 748 3196 in
768 3152 841 3225 quo
868 3127 974 3229 hujus
1005 3134 1061 3206 rei

78 3249 231 3320 >mentio
250 3260 304 3319 est
323 3242 509 3335 facienda;
531 3268 613 3342 quae
628 3251 715 3314 cum
727 3241 893 3342 neglecta
905 3244 1063 3346 fuerint„

87 3371 288 3433 censentur
304 3357 382 3429 ltaec
394 3355 495 3428 bona
512 3380 589 3427 esse
604 3359 779 3453 acquisita
793 3359 1061 3432 communioni.

85 3471 164 3549 Art.
188 3501 245 3548 22.
266 3472 438 3544 Similiter
453 3470 659 3556 bonorum,
679 3493 763 3568 quae
782 3469 944 3543 alterutri
965 3498 1062 3544 con-

88 3591 215 3690 jugum
240 3604 356 3663 stante
381 3586 617 3660 matrimonio
642 3582 864 3671 obveniunt,
893 3584 1063 3660 iuventa-

86 3705 188 3775 rium
215 3719 269 3778 est
293 3697 585 3788 conficiendum
606 3697 800 3772 deficiente
824 3712 946 3770 autem
972 3698 1064 3800 ejus·

85 3815 188 3888 modi
207 3815 428 3901 inventario,
441 3828 501 3886 aut
512 3811 636 3902 titulo,
648 3838 669 3885 e
681 3836 756 3911 quo
771 3808 923 3910 probari
935 3814 1061 3911 possit,

86 3930 125 4025 iu
153 3928 374 4027 quibusnam
398 3926 509 4002 rebus
539 3926 616 4000 haec
641 3925 743 3997 bona
766 3923 1012 4015 constiterint,
1033 3926 1065 4002 si

87 4041 135 4118 ad
151 4043 322 4117 maritum
338 4044 547 4146 pertinent³
563 4037 693 4117 amittit
705 4035 764 4114 hic
779 4033 994 4150 facultatem
1006 4065 1063 4144 eu⁵
