2596 4724
596 348 723 444 (60)

178 470 309 545 delicta
341 490 394 549 est
424 476 684 563 condemnata,
724 473 802 548 sola
825 473 922 546 nuda
937 471 1139 572 proprietas

176 583 380 678 bonorum,
411 616 506 689 quae
537 591 647 692 ipsius
678 589 825 689 propria
854 603 958 674 sunt,
989 586 1141 658 durante

176 705 460 794 communione,
477 722 631 779 tenetur.
648 720 715 776 art.
738 729 796 775 20.
808 703 913 775 Ratio
926 699 1141 774 discriminis

176 812 216 885 in
228 841 273 889 eo
293 820 471 906 consistit,
492 816 594 916 quod
612 814 781 900 maritus,
810 828 935 916 utpote
954 813 1053 886 solus
1071 810 1139 887 ad.-

173 927 476 1000 ministrationem
489 928 757 1001 communionis
772 927 921 1017 babens,
938 927 1046 1000 etiam
1059 924 1142 998 acti-

173 1037 243 1139 bus
266 1041 353 1137 suis,
378 1041 683 1137 conventionibus
703 1056 738 1114 et
759 1039 915 1130 delictis,
934 1066 1015 1127 eam
1040 1037 1140 1112 obli-

172 1179 258 1253 gare
276 1171 413 1255 potest,
442 1184 527 1231 cum
547 1183 567 1230 e
592 1155 778 1230 contrario
796 1179 888 1226 uxor
905 1151 1007 1225 nullo
1025 1149 1138 1224 modo

172 1266 220 1340 de
250 1267 359 1343 bonis
383 1271 654 1351 communionis
677 1267 897 1370 disponendi
924 1263 1139 1339 facultatem

172 1381 328 1471 habeat,
350 1384 509 1486 ideoque
537 1385 675 1458 nudam
705 1399 847 1456 tantum
876 1380 1138 1482 prop1ietatem

173 1484 360 1568 bonorum
373 1497 553 1597 adipsum
572 1498 687 1570 solam
699 1495 983 1594 pertinentium
998 1493 1138 1571 delictis
1203 1514 1211 1538 ¹

169 1603 418 1703 suisobligare
435 1610 559 1704 possit.
582 1609 655 1678 Vid
665 1609 835 1702 Respous
871 1607 920 1677 ad
936 1605 1069 1680 observ.
1100 1607 1136 1679 d.

169 1727 238 1786 art.
257 1739 313 1787 ao.

217 1843 385 1919 Vidimus
398 1846 504 1947 igitur
519 1845 639 1922 solum
653 1848 826 1921 maritum
837 1844 1139 1920 communionem

170 1955 444 2047 administrare,
486 1987 641 2060 eamque
684 1961 862 2061 obligare·
887 1985 1016 2061 posse;
1044 1957 1137 2034 'hinc

169 2072 275 2142 uxori
293 2071 384 2142 nibil
403 2071 604 2171 quidquam
617 2100 724 2174 agere
744 2072 849 2161 licet,
870 2098 946 2171 quo
967 2080 1137 2144 commu-

168 2180 320 2254 nionem
338 2181 538 2264 obnoxium
555 2181 725 2271 reddat(
717 2208 791 2254 imo
811 2208 898 2254 vero
918 2206 1040 2279 neque
1055 2206 1138 2253 eam

129 2388 132 2393 4
163 2295 384 2367 auctoritate
401 2293 584 2392 Jud1cts‚
576 2297 688 2368 mvito
718 2297 874 2383 molitu,
892 2293 1031 2368 actibus
1062 2296 1137 2367 suis

171 2389 334 2504 obligare
364 2420 498 2507 potest.
521 2408 597 2480 Art.
632 2436 690 2481 21
713 2407 823 2507 Cujus
842 2408 896 2483 rei
922 2408 1016 2480 ratio
1034 2407 1071 2478 in
1093 2433 1138 2485 eo

168 2521 287 2620 posita
303 2535 373 2608 est,
391 2519 494 2621 quod
510 2547 636 2595 omnes
664 2520 843 2620 ejusmodi
875 2539 978 2596 actus
999 2526 1044 2593 ad
1063 2523 1141 2594 sola

164 2646 308 2706 tantum
329 2631 407 2732 ejus
437 2632 549 2726 bona
572 2636 721 2738 propria
752 2635 937 2737 pertinere
966 2649 1134 2735 possunt,

164 2747 324 2847 ideoque
359 2747 493 2821 durum
525 2749 642 2838 foret,
674 2749 704 2822 si
733 2775 850 2839 uxor,
886 2774 971 2823 cum
1006 2763 1133 2822 contra

163 2860 285 2930 mariti
318 2859 543 2933 voluntatem
573 2874 668 2959 agat,
708 2861 943 2933 nihilominus
984 2878 1136 2961 propter

162 2971 322 3072 negotia,
342 2998 437 3072 quae
456 2969 504 3043 ad
522 2971 821 3045 communionem
837 2997 914 3046 non
930 2975 1133 3074 pertinent,

163 3077 332 3158 damno
333 3110 413 3158 eam
450 3085 592 3158 afficere
626 3097 759 3183 posset.
789 3085 864 3157 vicl
894 3086 1064 3180 Respons.
1085 3088 1137 3158 ud

164 3197 336 3270 observat
355 3197 390 3270 d.
404 3213 470 3270 art
488 3223 543 3268 21.
568 3195 721 3269 Duobus
740 3210 863 3271 tamen
882 3195 1025 3272 casibus
1040 3223 1135 3280 uxor

161 3310 464 3384 communionem
482 3311 646 3412 obligare
665 3327 806 3412 potest:

119 3537 125 3546 ἢ
216 3459 261 3514 1⁰.
287 3441 444 3535 Quando
460 3441 608 3540 publice
624 3459 869 3524 mercaturam
895 3441 1005 3532 facit,
1023 3458 1134 3541 atque

160 3553 333 3655 obligatio
353 3556 619 3629 commercium
637 3583 743 3630 suum
762 3572 912 3659 spectat.
930 3559 966 3631 d.
985 3571 1052 3628 art.
1085 3583 1125 3630 21

159 3681 193 3738 et
210 3669 310 3764 cons.
329 3681 397 3738 art.
419 3691 455 3737 11
477 3671 531 3738 tit.
546 3666 593 3739 V.

206 3807 254 3862 2⁰.
280 3790 435 3881 Quando
469 3791 619 3866 maritus
650 3795 780 3868 absens
816 3809 886 3881 est,
924 3808 985 3867 aut
1022 3795 1125 3870 nullo

157 3904 272 3977 modo
287 3905 635 3980 voluntatem'suam
657 3909 889 3982 manifestare
908 3925 1040 4011 potest,
1055 3939 1130 4014 quo

102 4120 107 4127 .
155 4044 239 4092 casu
257 4048 350 4096 uxor
367 4024 581 4099 auctoritate
599 4022 728 4122 judicis
746 4023 894 4125 indiget.
913 4031 992 4104 Art.
1011 4054 1068 4102 22.
