2596 4724
641 352 768 446 (46)

530 474 531 478 '
622 504 743 553 secuto
768 505 804 551 ιι.

366 655 412 718 De
427 655 531 733 bonis,
548 677 615 738 quae
628 658 660 719 in
673 659 908 720 communionem
923 652 1059 718 inaniunt.
1093 711 1097 717 .

261 814 304 887 In
323 819 628 889 communionem
645 815 797 890 veniunt
815 842 823 887 :

266 993 311 1048 1⁰.
338 976 470 1047 Omnia
489 975 589 1049 hona
609 972 780 1059 mobilia,
797 998 881 1072 quae
897 969 1074 1071 conjuges
1096 993 1186 1071 pos-

212 1086 331 1161 sident
350 1087 410 1161 die
428 1088 689 1163 celebrationis
705 1088 934 1188 nuptiarum,
948 1111 1018 1158 nec
1035 1111 1111 1157 non
1128 1111 1186 1175 ea,

211 1225 294 1300 quae
309 1217 425 1276 stante
439 1206 692 1287 matrimonio,
708 1205 782 1276 sive
795 1202 902 1276 titulo
918 1226 1095 1290 oneroso,
1112 1202 1188 1273 sire
1215 1187 1221 1215 ¹

211 1317 374 1412 gratuito
390 1317 603 1415 acquirunt,
621 1317 691 1388 nisi
705 1314 776 1389 hoe
791 1315 921 1387 ultimo
937 1339 1021 1386 casu
1035 1324 1187 1385 testator

211 1428 272 1504 vel
284 1429 443 1517 donator
456 1432 684 1505 contrarium
700 1432 736 1501 in
751 1432 994 1501 instrumento
1008 1427 1186 1513 statuerit,

260 1604 308 1657 2⁰.
337 1590 475 1660 Omnes
504 1590 643 1661 lructus
675 1603 711 1659 et
739 1587 889 1675 reditus,
923 1580 1040 1660 stante
1059 1589 1187 1660 matri-

210 1700 340 1773 monio
360 1703 538 1801 percepti,
557 1729 600 1774 ex
615 1699 725 1773 bonis
740 1699 958 1800 conjugum,
979 1727 1064 1799 quae
1086 1715 1186 1773 tem-

209 1841 302 1916 pore
321 1816 534 1916 nuptiarum
554 1830 826 1890 contractarum
849 1812 1087 1915 possidebant
1104 1814 1185 1902 ,vel

210 1941 328 2016 stante
344 1929 582 2001 matrimonio
596 1955 835 2028 quocumque
846 1927 953 1999 titulo
974 1927 1185 2027 acquisive-

208 2053 315 2127 runt,
337 2040 503 2139 quamvis
523 2040 689 2110 alterutri
706 2039 907 2137 conjugum
931 2039 1080 2139 propria
1100 2039 1182 2124 sint,

259 2189 309 2258 3⁰.
335 2188 467 2257 Omnia
493 2186 594 2259 bona
610 2185 833 2285 immobilia,
854 2212 937 2286 quae
957 2170 1072 2258 stante
1099 2214 1183 2258 ma-

211 2299 389 2373 trimonio
415 2301 686 2401 acquisiverunt
704 2303 823 2398 (titulo
843 2302 1016 2398 oneroso).
1046 2302 1126 2374 Art.
1148 2328 1182 2375 2.

257 2457 420 2535 Proinde
436 2484 495 2532 res
516 2457 725 2533 immobiles
741 2471 936 2557 sequentes
956 2457 994 2528 in
1013 2480 1185 2530 commu-

209 2573 364 2650 nionem
379 2599 456 2646 non
472 2570 647 2645 veniunt:

257 2745 290 2790 a.
317 2720 483 2808 Quarum
505 2715 712 2816 domimum
743 2714 918 2818 conjuges
943 2716 1182 2818 probaverint

208 2846 292 2906 ante
310 2835 453 2933 nuptias
472 2831 519 2905 ad
533 2859 571 2905 se
587 2832 815 2933 pertinuisse,

216 3059 218 3064 ¹
257 2973 288 3047 b.
316 2974 404 3064 Quae
431 2976 487 3061 iis,
507 2987 623 3047 stante
642 2974 880 3051 matrimonio
904 2975 1010 3050 titulo
1030 3001 1178 3051 succes-

206 3090 318 3166 sionis
333 3091 457 3194 legalis
473 3091 717 3182 obvenerunt,

255 3264 288 3312 e.
314 3241 403 3329 Quae
424 3238 558 3313 eodem
586 3238 777 3314 intervallo
795 3239 1053 3315 donationibus
1081 3241 1178 3315 inter

172 3386 176 3397 ·
205 3353 323 3442 vivos,
340 3368 402 3427 aut
429 3355 464 3426 vi
490 3357 697 3428 testamenti
726 3357 1015 3457 acquisiverunt,
1043 3356 1111 3429 nisi
1138 3356 1177 3426 in

166 3546 170 3553 ,
205 3468 448 3543 instrumento
464 3468 633 3574 expressio
657 3486 831 3546 statutum
852 3469 980 3560 fuerit,
1008 3497 1089 3544 rem
1105 3470 1176 3541 do-

204 3597 343 3675 natam,
374 3600 436 3658 aut
462 3584 617 3687 legatam
647 3588 687 3660 in
710 3585 1013 3663 communionem
1044 3583 1171 3656 venire

204 3695 375 3773 debere·
451 3716 456 3727 ⁸

251 3847 286 3921 d.
300 3849 369 3919 Res
379 3845 576 3922 immobilis
591 3861 794 3948 permutata
802 3873 888 3920 cum
903 3846 1027 3917 aliare
1042 3844 1174 3919 immo·
1203 3885 1205 3891 ·

110 4040 114 4050 Ι
202 3955 285 4048 bili,
298 3986 381 4060 quae
395 3961 560 4064 alterutri
573 3957 773 4061 conjugum
784 3956 934 4060 propria
951 3957 1176 4048 fueruntne

200 4097 259 4149 res
283 4069 330 4148 ad
349 4075 508 4151 eundem
534 4074 733 4178 conjugum
756 4074 934 4177 pertinet,
959 4075 1025 4150 sed
1052 4076 1082 4152 si
1102 4075 1174 4150 hoo
