2596 4724
603 320 736 425 (Μ

178 434 237 540 tes
252 458 306 520 est
316 447 406 544 tanti
422 450 611 538 momenti,
627 449 753 549 quanti
765 450 803 523 in
819 477 905 528 casu
917 449 1155 555 jurisjurandi

178 553 383 653 decisorii,
416 559 480 634 ubi
513 588 598 663 pars
628 558 777 638 adversa
814 567 915 642 adest
944 596 953 662 ;
990 568 1055 644 sed
1093 569 1159 668 hia,

177 678 353 746 tantuma
369 666 494 749 futuro
507 676 665 778 conjuge
681 677 724 752 fit
735 678 932 755 declaratio
947 681 1153 777 solennior,

175 781 224 858 de
236 780 333 860 facto
352 789 487 890 aliquo,
504 792 607 893 quod
619 792 722 867 illum
739 797 860 868 solum
872 812 1022 899 spectat,
1040 797 1169 897 quae-'¹
1274 887 1275 891 Ἰ

175 923 252 999 que
264 898 464 979 declaratio
476 933 554 981 non
566 921 684 1009 potest
699 907 762 982 ulli
775 934 923 986 nocere,
939 912 1154 1012 cospettespt

175 1006 226 1084 ad
240 1012 381 1092 observ.
397 1034 465 1092 art.
482 1019 541 1112 46.

223 1140 258 1212 Si
273 1145 501 1247 magistratus
524 1149 637 1223 statiis
660 1149 776 1224 civilis
795 1151 941 1252 nuptias
961 1141 1153 1224 celebrare

92 1287 93 1292 ¹
173 1265 317 1345 recuset
337 1262 670 1360 propterea,quod
685 1267 927 1337 instrumenta
939 1278 976 1336 et
991 1265 1152 1341 testimo·

172 1376 253 1462 nia,
289 1373 494 1474 dequibus
519 1372 692 1466 diximus,
724 1401 803 1449 non
835 1375 1029 1450 videantur
1053 1380 1153 1450 sufli-

171 1489 323 1578 cientia,
356 1489 617 1565 contrahentes
643 1505 796 1592 possunt
825 1489 954 1565 libello
983 1490 1156 1592 supplice,

109 1691 111 1695 ¹
170 1601 271 1675 adire
281 1601 458 1674 Tribunal
472 1602 1150 1705 (arrondissements-Ilegtbanl)quod,

169 1717 294 1792 audito
312 1723 563 1795 Procuratore
583 1719 716 1818 Regis,
749 1719 826 1793 sinc
846 1721 966 1794 forma
987 1720 1084 1808 litis,
1111 1733 1152 1793 et

169 1831 249 1904 sine
278 1854 432 1902 recursu
458 1830 504 1899 ad
522 1828 685 1928 judicem
708 1832 956 1930 superiorem,
984 1829 1156 1930 judicare

169 1943 297 2033 debet,
315 1942 508 2016 valeantne
528 1943 786 2027 instrumenta,
803 1966 874 2014 nec
893 1967 953 2013 ne.
973 1945 1052 2016 Art.
1070 1947 1130 2032 48.

214 2076 283 2146 IV⁰
313 2073 360 2148 Et
388 2072 518 2147 ultimo
545 2071 631 2144 loco
660 2068 708 2142 ad
732 2065 890 2146 formam
918 2071 1148 2145 matrimonii

165 2173 381 2291 requiritur,
402 2207 442 2263 ut
470 2187 539 2261 rite
569 2186 790 2264 celebretur.
815 2186 912 2261 Fieri
938 2188 1011 2262 hoc
1031 2187 1146 2263 debet

164 2305 314 2406 publice
345 2305 384 2374 in
414 2303 518 2376 ouria
533 2302 767 2400 municipali,
790 2327 919 2375 coram
935 2303 1150 2403 magistratu

83 2458 87 2467 ¹
164 2433 278 2492 status
295 2414 410 2488 civilis
428 2411 607 2485 domicilii
622 2410 828 2484 alterutrius
846 2411 1022 2509 partium,
1040 2414 1148 2513 praess

142 2584 143 2587 ,
164 2529 330 2605 sentibus
349 2516 509 2629 quatuor
534 2525 687 2600 testibus
711 2522 897 2610 masculis,
916 2523 1143 2624 majoribus,

164 2647 203 2732 in
224 2651 350 2747 Regno
376 2641 638 2734 habitantibus,
670 2639 748 2712 sine
773 2636 996 2728 discrimine,
1025 2637 1148 2716 sintne

162 2761 311 2862 cognati
342 2784 411 2830 nec
432 2782 491 2828 ne.
514 2759 594 2830 Art.
628 2753 688 2855 50.⁴
717 2749 837 2824 Debet
862 2764 985 2824 autem
1011 2779 1143 2831 coram

164 2874 376 2975 Magistratu
397 2868 509 2943 statiis
526 2865 642 2941 civilis
664 2880 820 2965 uterque
846 2866 1145 2946 contrabentium

160 2987 371 3072 declarare,
391 3010 469 3058 sese
488 2982 646 3056 alterum
663 2996 841 3080 tanquam
859 2980 1058 3084 conjugem
1074 3013 1147 3062 ac.
1265 3052 1266 3057 ,

160 3100 552 3208 cipere,'fideliterqne
571 3097 786 3171 functurum
799 3096 972 3169 omnibus
992 3101 1141 3192 officiis,

160 3229 257 3318 quae
266 3214 421 3288 lexcum
430 3225 523 3285 statu
535 3206 758 3281 matrimonii
768 3205 972 3308 conjunxit.
984 3208 1141 3308 Arest,
1165 3258 1167 3263 ·

158 3330 299 3427 Quodsi
317 3338 470 3431 propter
488 3312 792 3427 impedimentum
806 3321 882 3422 (Ἴ,
911 3319 958 3396 de
974 3349 1051 3422 quo
1070 3325 1143 3402 rite

146 3559 1118 3606 ρ-α--ῄ-ὲ--ὕ-

201 3725 241 3805 ζ’)
254 3722 358 3787 Sectio
367 3716 509 3804 quaedam
518 3713 672 3778 Ordinum
681 3711 878 3798 generalium
885 3705 1138 3786 desideraverat,

155 3822 192 3884 in
216 3821 277 3884 boc
300 3820 436 3882 articulo
459 3815 531 3880 voci
554 3814 675 3875 beletsel
696 3807 958 3892 (empeblrement),
989 3805 1140 3868 substitui

156 3918 412 4001 onmogelijltber'd
421 3914 670 3997 (impossibilite'),
683 3924 792 3973 sensas
803 3915 908 3967 autem
919 3903 1140 3987 dispositionis

156 3999 1144 4088 nimisitacoaretatusfuisset3bitiorenimartieulisiguifieatio,
