2596 4724
591 369 596 380 ,
635 372 680 446 83
720 373 724 381 .
841 387 844 391 ,

182 479 187 541 j
214 513 263 570 ι’.
288 373 613 597 Quandoproptei
627 374 811 576 tardatum
824 526 907 574 rem
921 500 1138 576 familiarem
1191 578 1193 582 Α

162 609 288 682 mariti
322 625 439 683 metus
478 625 556 700 est,
588 624 694 685 utne
723 639 817 686 uxor
853 641 897 688 ex
925 614 1004 715 ejus
1025 614 1149 691 honis,

163 739 433 824 consequatur,
450 725 552 826 quod
564 724 644 824 jure
662 727 729 826 ipsi
743 728 944 828 competit,

119 931 120 935 ,
214 866 264 940 3⁰.
288 867 444 959 Quando
462 869 613 942 maritus
642 868 834 944 manifesta
867 869 1044 969 pravitate
1076 894 1137 942 rea

160 981 436 1054 communionis
459 980 626 1082 dissipat,
655 998 691 1056 et
715 1007 867 1056 uxorem
888 996 996 1056 certae
1017 982 1136 1055 ruinae

165 1093 328 1188 exponit.
360 1095 440 1167 Aris
467 1104 509 1169 a.¹
533 1108 575 1168 'et
603 1093 905 1195 videantunquae
932 1095 1138 1170 haedere

162 1199 433 1283 observavimus
450 1206 553 1280 initio
567 1215 727 1282 sectionis
741 1212 765 1281 Ι
766 1212 802 1283 V
810 1208 923 1307 hujus
937 1211 1085 1304 Capitis.

211 1342 375 1428 Effectus
410 1338 615 1444 sententiae,
650 1381 724 1456 qua
750 1357 928 1460 separatio
950 1355 1139 1430 bonorum

162 1465 455 1567 pronunciatur,
490 1466 795 1562 retrotrahuntur
824 1467 871 1540 ad
902 1465 1028 1554 diem,
1059 1476 1146 1568 quo

160 1602 255 1655 uxor
281 1570 555 1682 'separationem
581 1583 681 1654 iilam
695 1585 809 1682 petiit.
838 1583 915 1655 Art.
940 1584 973 1654 5.
997 1587 1034 1652 iu
1048 1583 1136 1678 fine.

159 1689 238 1769 Nec
258 1691 381 1769 tamen
412 1697 491 1787 hoc,
504 1697 606 1770 omni
637 1695 848 1772 difficultate
878 1693 995 1795 majus
1027 1696 1145 1771 nobis

159 1806 314 1887 videtur.
335 1813 443 1884 Licet
473 1812 572 1883 enim
605 1812 775 1883 universe
799 1838 959 1910 aequum
985 1814 1138 1906 quidem
1158 1884 1160 1889 ,

160 1921 232 2010 ait,
254 1922 378 2013 iilum,
401 1924 465 2023 qui
483 1951 565 1997 rem
584 1923 654 1996 sibi
672 1922 834 1995 debitam
849 1921 1022 2013 vindicat,
1048 1922 1142 2024 nul-¹

158 2033 239 2107 lum
254 2034 429 2109 damnum
440 2039 545 2141 pati,
565 2064 585 2110 e
617 2062 749 2124 mora,
783 2035 844 2108 cui
875 2060 958 2135 pars
989 2032 1143 2108 adversa'

157 2147 293 2249 injusta
317 2149 533 2225 defensione
567 2151 692 2224 locum
721 2149 784 2220 dat
794 2175 804 2236 ς
835 2147 928 2221 >lieet
955 2148 1032 2222 haee
1063 2148 1134 2222 sibi

160 2262 341 2360 imputare
357 2262 512 2350 debeat,
526 2263 629 2360 quod
643 2289 720 2335 non
734 2262 828 2335 ultro
844 2262 947 2359 justae
965 2262 1135 2362 petitioni

159 2374 354 2462 satisfecit,
373 2375 460 2447 lieet
478 2373 639 2473 denique
657 2399 677 2446 e
696 2398 802 2444 mora
821 2398 885 2444 sua
904 2375 1135 2446 emolumen-

157 2499 238 2559 tum
271 2501 405 2588 capere
432 2510 543 2559 nemo
572 2483 728 2574 debeata
759 2483 858 2591 idem
889 2499 1013 2557 tamen
1043 2484 1142 2575 iliud¹

157 2597 281 2672 valere
317 2597 456 2671 debere
491 2597 636 2672 ratione
670 2597 909 2700 separationis
944 2597 1133 2672 bonorum
1195 2693 1199 2699 .

156 2739 238 2787 non
257 2712 431 2813 equidem
450 2712 580 2800 credo;
598 2713 676 2786 haee
693 2713 793 2787 enim
809 2714 989 2812 separatio
1005 2729 1131 2786 mutuo

157 2852 344 2917 consensu
363 2826 531 2902 obtinere
553 2829 705 2930 nequit,
721 2834 763 2911 ¹et
780 2829 930 2902 maritus
947 2855 1033 2903 eum
1054 2855 1144 2903 non,

152 2948 277 3038 potuit
290 2943 523 3042 acquiescere
550 2943 737 3044 petitioni,
754 2968 832 3016 non
847 2944 956 3023 etiami
970 2971 1132 3044 poenam

155 3056 401 3156 oppositionis
432 3054 533 3130 ferre
560 3057 690 3143 debet,
709 3083 816 3142 eum,
836 3072 876 3127 ut
908 3082 984 3128 uno
1013 3059 1132 3130 verbo

158 3183 258 3258 utar,
278 3195 355 3243 non
375 3169 414 3240 in
433 3195 539 3242 mora
563 3170 609 3241 sit
633 3167 959 3243 constitutus'.³Scio
979 3168 1132 3268 quidem

157 3307 229 3383 pro
249 3284 418 3382 opposita
436 3284 548 3355 etiam
567 3281 746 3357 sententia
765 3297 979 3381 argumenta
1007 3281 1141 3357 afferri·

157 3421 284 3496 posse;
304 3421 391 3469 nam
403 3396 573 3485 maritus,
586 3394 740 3469 durante
754 3395 833 3485 lite,
853 3411 961 3496 caput
976 3422 1140 3470 manens.

157 3508 444 3584 consociationis
475 3505 695 3608 conjugalis,
725 3508 832 3583 facile
862 3522 1041 3610 potestate
1065 3534 1131 3581 sua
1224 3554 1225 3559 κ

158 3624 260 3698 abuti
278 3638 414 3725 potest,
444 3637 484 3695 ut
512 3622 652 3696 minuat
669 3622 771 3697 bona
800 3619 1073 3699 communionis
1091 3621 1138 3692 in

157 3735 413 3836 praejudicium
439 3735 577 3822 arxoris,
608 3735 747 3836 quippe
781 3760 863 3835 quae
903 3744 1044 3806 tantum>
1072 3731 1157 3831 jus'

158 3847 313 3921 haberet
325 3847 472 3948 petendi
488 3847 705 3921 divisionem
716 3870 856 3934 rerum,
872 3873 963 3945 quas
981 3848 1140 3920 maritus·
1200 3888 1202 3900 v

158 3986 379 4036 conservare
398 3964 571 4050 voluerit3
595 3979 629 4035 et
649 3979 824 4063 praeterea
843 3957 990 4048 dieunt,
1011 3960 1138 4032 mari.-.

158 4090 239 4152 tum
254 4091 400 4177 tempus
420 4077 490 4156 litis
508 4075 765 4155 calumniando
786 4100 892 4175 posse
913 4074 1131 4178 extendere&
1197 4122 1200 4127 «
1283 4091 1293 4100 “’
