2596 4724
565 306 580 399 (
604 308 652 406 39
676 306 692 401 )

153 436 374 523 separatione
391 431 562 504 tonorum
580 449 615 507 et
627 450 697 507 art.
722 459 763 506 ια
781 440 834 507 tit.
852 430 906 507 XI
918 435 961 509 de
976 414 1126 530 sepnia-

158 551 250 619 tione
269 546 365 618 thori
385 562 420 620 et
438 571 576 619 mensae.

204 673 259 767 b)
278 673 383 745 Uxor
408 685 624 746 testamento
643 672 818 747 debonis
841 676 914 748 suis
933 676 1130 777 disponere

107 873 111 881 Ι
150 799 276 882 ¹potest
296 785 373 857 sine
391 785 509 857 mariti
530 785 754 859 auctoritate.
773 788 850 857 Art.
878 785 922 858 16
947 789 1015 860 Tit.
1036 787 1083 858 V.

206 940 227 988 c
245 915 258 1009 )
274 916 363 987 Lex·
375 916 560 1015 praesumit
578 941 799 990 consensum
816 917 959 1004 mariti,
990 916 1148 987 natione'

159 1027 325 1099 omnium'
344 1043 491 1101 actuum
512 1044 621 1128 atque
648 1028 932 1129 obligationum,
951 1051 1034 1127 quae
1053 1054 1135 1129 per-

159 1141 275 1214 tinent
293 1140 339 1214 ad
352 1157 491 1215 sumtus
521 1142 729 1217 ordinarios
758 1158 794 1216 et
821 1141 1056 1243 quotidianos
1081 1141 1135 1212 eei

161 1252 382 1330 domesticae.
404 1260 480 1329 Art.
503 1282 536 1354 7.

208 1385 265 1480 d)
288 1385 394 1456 Uxor
425 1408 502 1456 non
538 1382 674 1483 indiget
699 1384 914 1460 auctoritate
945 1382 1065 1456 mariti
1098 1383 1138 1453 in

159 1493 311 1595 judicic,
320 1497 347 1568 si
358 1496 531 1569 adversus
545 1501 627 1568 eam
637 1509 768 1596 'agatur
779 1522 938 1571 excausa
948 1499 1135 1583 criminali,

159 1596 442 1706 correctoi‘ici(uti
455 1612 615 1707 vocant),
626 1609 739 1683 autad
742 1617 907 1707 politiam
920 1611 1139 1710 pertinente,

160 1722 475 1822 quemadmodum
494 1725 606 1796 etiam
625 1723 725 1821 quod
747 1728 875 1798 attinet
891 1722 936 1795 ad
959 1723 1138 1823 actiones,

160 1834 295 1934 quibus
311 1835 527 1920 divortium,
547 1836 728 1934 separatio
743 1837 838 1908 thori
859 1851 893 1907 et
912 1861 1064 1922 mensae,
1081 1835 1143 1906 vel

164 1950 344 2048 separatio
360 1948 549 2021 bonorum
560 1949 704 2049 petitur.
720 1950 790 2021 Art
800 1975 834 2048 9.
850 1949 959 2040 Quod
972 1945 1143 2030 ultimum

164 2065 200 2135 in
223 2067 308 2137 Cod.
330 2066 425 2161 Nap.
448 2064 625 2137 omissum
647 2079 718 2152 est,
742 2063 840 2136 unde
862 2063 1041 2162 sequitur,
1062 2059 1144 2160 juce

165 2179 307 2254 Gallico
342 2207 496 2255 uxorem
526 2208 546 2252 a
576 2181 708 2254 marito
729 2180 986 2255 auctoritatem
1015 2193 1143 2280 petere

164 2292 316 2382 debere,
337 2312 524 2367 utcontra
541 2295 661 2392 ipsum
676 2310 768 2391 agat,
783 2310 979 2391 antequam
997 2295 1144 2367 veniam
1180 2372 1183 2379 ,

164 2434 186 2478 a
201 2406 324 2508 judice
342 2409 541 2506 impetrare
555 2408 684 2507 possit;
704 2405 805 2506 quod
822 2405 1022 2479 absurdum
1040 2409 1144 2481 vide-

167 2536 239 2596 tut.
273 2525 354 2596 Imo
384 2518 485 2594 rectio
514 2520 551 2591 in
585 2518 729 2594 casibus
757 2518 846 2591 tanti
866 2521 1045 2593 momenti
1064 2520 1145 2618 jure
1201 2529 1203 2533 ”

164 2649 293 2708 nostro
313 2659 390 2704 non
410 2657 502 2732 opus
518 2645 583 2720 est,
605 2646 644 2703 ut
663 2656 756 2704 uxor
771 2655 995 2704 consensum
1010 2629 1144 2730 judicis
1165 2732 1170 2740 ι

166 2764 286 2851 petat,
314 2748 360 2819 ad
388 2748 571 2820 actionem
602 2761 730 2818 conten
757 2745 929 2816 maritum
948 2745 1144 2819 instituen-

158 2864 270 2951 -dam,
291 2861 393 2963 quod
413 2887 517 2934 secus
533 2874 587 2932 est
601 2860 639 2930 in
660 2858 831 2932 omnibus
844 2859 976 2932 ceteris
988 2860 1145 2951 casibus,

169 2979 349 3078 quoniam
365 2975 528 3076 alioquin
544 3002 638 3048 uxor
650 2973 815 3076 quotidie
829 2975 1000 3048 maritum
1016 2977 1146 3052 moles·

166 3094 212 3166 tis
227 3093 349 3165 litibus
370 3094 511 3166 afficere
528 3107 660 3191 posset.

170 3439 228 3496 soit
244 3436 283 3496 de
306 3455 391 3514 corps
417 3447 447 3493 et
469 3432 507 3492 de
529 3432 635 3506 hiens,
659 3434 721 3490 ‘soit
740 3429 779 3491 de
802 3433 885 3494 biens
909 3432 1082 3506 seulement,
1108 3454 1146 3492 en

172 3531 304 3612 repe-end
315 3533 347 3590 ln
368 3531 445 3590 libre
460 3529 726 3598 administration3
751 3545 830 3588 annu
847 3548 931 3589 nnus
948 3547 1091 3589 mseosun
1106 3547 1147 3588 nn

171 3648 227 3691 sou
248 3646 396 3689 nonnum
419 3644 460 3685 na
479 3629 653 3698 umanum
670 3626 726 3686 elle
746 3647 784 3684 ne
807 3639 879 3706 pent
904 3634 954 3685 etc
959 3669 1013 3686 .....
1036 3625 1060 3682 Ε
1082 3645 1147 3706 quo

174 3739 324 3790 constnte
340 3724 513 3799 contrario,
537 3743 668 3787 uxorem
687 3721 777 3783 bonis
793 3743 809 3781 a
829 3720 943 3779 marito
955 3728 1148 3801 separatam,

175 3826 302 3886 omnino
313 3825 436 3886 mobilia
449 3844 502 3884 sua
513 3842 603 3904 posse
617 3820 764 3903 alienare.
775 3820 818 3902 cf.
830 3830 881 3877 art
893 3814 977 3891 1538,
988 3816 1042 3876 ubi
1053 3816 1150 3877 etiam

123 3927 132 3940 '
174 3921 360 3984 uxorbonis
384 3931 543 4005 separata,
572 3926 692 3978 tantum
708 3917 791 3978 bona
820 3914 988 3976 immobilia
1013 3913 1158 3989 alienare,

173 4011 1108 4104 probibetnrsiueconsensumariti,velauctoritatejudicis,
