2596 4724
135 576 144 591 =
205 558 291 608 casu
308 533 545 608 dissensionis
561 535 658 609 inter
677 536 799 606 virum
816 546 853 606 et
877 556 1032 618 uxorem
1047 553 1184 630 quaes-

203 647 343 721 tionem
358 647 570 725 decideret?
585 649 719 722 Nonne
736 673 881 734 revera,
903 647 931 718 si
949 646 1072 718 uxoris
1087 671 1183 718 con-

203 785 312 834 sensu
329 762 374 834 ad
401 748 594 836 alienanda
615 759 817 833 immobilia
844 786 936 860 opus
965 776 1076 848 esset,
1099 757 1177 857 ejus

203 876 416 976 suffragium
432 879 499 952 hac
528 880 567 948 in
586 904 627 950 re
647 875 982 976 praeponderaret,
1000 878 1181 976 quoniam

201 990 373 1062 maritum
398 990 609 1091 impediret,
636 986 896 1089 quominus'id
913 1006 1051 1088 ageret,
1077 989 1181 1089 quod

210 1103 465 1176 communioni
499 1101 680 1202 proficere
711 1103 957 1176 existimaret?
992 1103 1036 1173 ln
1056 1102 1183 1200 pleris-

201 1240 277 1314 que
297 1217 520 1304 Provinciis,
542 1214 676 1316 quibus
708 1217 824 1314 [latria
863 1230 989 1288 nostra
1019 1228 1180 1302 constat,

201 1326 301 1402 solus
314 1330 464 1404 maritus
478 1330 567 1403 olim
579 1329 965 1429 potestatembabebat
979 1325 1181 1399 immobilia

200 1445 472 1516 communionis
504 1440 704 1528 alienandi,
732 1441 825 1513 etin
848 1440 969 1512 multis
988 1440 1067 1512 haec
1100 1437 1181 1536 ejus

198 1569 358 1654 potestas
378 1553 496 1624 adhuc
526 1551 742 1648 angebatur,
766 1552 944 1649 quoniam
969 1557 1087 1624 omnia
1105 1553 1194 1652 im·-

198 1666 350 1737 mobilia
362 1662 1182 1764 adcommunionempertinebant.Inquibus·

199 1780 286 1852 dam
317 1781 394 1853 aliis
432 1781 631 1882 provinciis
670 1780 821 1853 maritus
857 1781 967 1852 etiam
1006 1779 1198 1854 facultate

198 1894 381 1994 gaudebat
397 1895 581 1968 alienandi
600 1894 698 1969 bona
715 1895 838 1966 uxoris
855 1892 1073 1979 immobilia,
1094 1919 1178 1992 quae

198 2008 344 2080 exclusa
376 2023 481 2080 erant
507 2035 527 2080 e
558 2007 839 2091 communione;
867 2020 1039 2078 'auctores
1070 2007 1180 2104 igitur

197 2120 343 2192 Codicis
358 2122 486 2205 nostri,
503 2120 664 2190 mediam
677 2119 896 2191 sententiam
911 2119 1175 2219 probaverunt,

99 2256 102 2269 ’
198 2258 245 2316 eo
265 2231 420 2319 effectu,
440 2246 480 2304 ut
499 2232 599 2304 solus
618 2231 770 2332 quidem
797 2233 948 2304 maritus
968 2229 1025 2330 jus
1044 2231 1177 2306 habeat
1284 2234 1286 2240 ’

197 2343 382 2418 alienandi
417 2343 622 2418 immobilia
657 2351 928 2433 communiorem,
966 2370 1045 2416 non
1081 2371 1173 2420 vero

88 2512 104 2567 .'
196 2446 310 2565 possit
327 2459 488 2533 alienare
520 2484 581 2545 ea,
610 2485 693 2558 quae
723 2459 770 2530 ad
797 2485 954 2531 uxorem
972 2460 1173 2559 pertinent;

196 2601 282 2648 cum
316 2589 439 2647 autem
468 2572 515 2644 ab
546 2572 661 2645 altera
686 2588 789 2672 parte
818 2599 913 2647 uxor
941 2598 1069 2646 secura
1098 2599 1176 2646 esse
1266 2654 1269 2660 ,

204 2689 357 2780 debeat,
378 2719 425 2763 ne
445 2689 596 2763 maritus
623 2691 731 2763 nimis
754 2689 929 2790 prodigus
957 2691 1058 2764 b'ona
1072 2719 1181 2764 com-

196 2803 383 2875 munionis
410 2802 603 2900 dilapidet,
626 2810 731 2876 titulo
749 2805 786 2875 V
782 2806 828 2875 ΙΙ
840 2802 896 2899 jus
908 2805 974 2901 ipsi
995 2805 1172 2878 tributum

196 2930 268 3002 est,
286 2930 437 3024 propter
452 2918 669 2989 immodicas
684 2915 895 3012 largitiones
911 2916 1049 3004 mariti,
1070 2943 1172 3017 sepa-

194 3029 378 3103 rationem
393 3029 583 3108 bonorum
604 3025 775 3130 petendi,
793 3042 867 3125 qua
884 3027 1079 3102 occasione
1101 3030 1174 3102 ob-

194 3145 416 3218 servandum
436 3162 506 3235 est,
536 3170 661 3218 veram
679 3142 737 3215 hic
769 3143 1069 3218 emendationem
1095 3174 1173 3224 esse

194 3257 463 3344 introductam,
494 3283 580 3328 cum
600 3254 807 3328 remedium
838 3259 1077 3357 separationis
1101 3260 1172 3334 bo-

192 3390 330 3447 norum
362 3372 472 3445 etiam
504 3370 702 3444 admissum
739 3373 805 3460 sit,
839 3372 990 3472 quando
1022 3375 1172 3448 maritus

169 3485 444 3588 largitionibus
461 3478 533 3557 suis
561 3485 685 3573 efficit,
712 3501 750 3559 ut
780 3489 997 3560 communio
1017 3488 1168 3588 pericli-

191 3613 304 3701 tetur,
321 3599 420 3698 qnod
442 3599 479 3669 in
495 3597 633 3672 Codice
653 3598 793 3672 Gallico
812 3625 890 3671 non
907 3599 1040 3674 eodem
1054 3595 1166 3672 modo
1192 3605 1196 3610 ’

192 3711 375 3798 sehabet,
399 3711 460 3783 ubi
476 3704 613 3785 scilicet
634 3726 721 3784 tunc
738 3709 889 3785 demum
905 3733 1000 3784 uxor
1019 3738 1170 3812 separa-

191 3825 331 3898 tionem
350 3825 539 3899 bonorum
552 3841 676 3926 petere
691 3840 825 3924 potest,
843 3823 993 3925 qnando
1012 3823 1088 3922 ejus
1101 3829 1166 3900 dos

192 3940 236 4044 in*
250 3942 452 4039 periculum
475 3942 640 4033 venerit,
661 3956 697 4015 et
715 3957 833 4016 metus
853 3941 914 4027 sit,
935 3955 975 4012 ut
993 3927 1039 4013 ex
1058 3941 1168 4016 bonis
1191 3956 1194 3961 '

190 4056 310 4130 mariti
330 4060 513 4163 consequi·
529 4058 659 4160 possit,
675 4060 778 4161 quod
806 4054 887 4156 jure
908 4053 958 4128 illi
977 4058 1163 4159 competit
1250 4062 1252 4069 “
