<?xml version="1.0" encoding="UTF-8"?>
<!DOCTYPE html PUBLIC "-//W3C//DTD XHTML 1.0 Transitional//EN"
    "http://www.w3.org/TR/xhtml1/DTD/xhtml1-transitional.dtd">
<html xmlns="http://www.w3.org/1999/xhtml" xml:lang="en" lang="en">
 <head>
  <title>
</title>
<meta http-equiv="Content-Type" content="text/html;charset=utf-8" />
  <meta name='ocr-system' content='tesseract 3.04.00' />
  <meta name='ocr-capabilities' content='ocr_page ocr_carea ocr_par ocr_line ocrx_word'/>
</head>
<body>
  <div class='ocr_page' id='page_1' title='image "./dematrimoniosec00assegoog_0132.png"; bbox 0 0 2596 4724; ppageno 0'>
   <div class='ocr_carea' id='block_1_1' title="bbox 156 340 1207 1717">
    <p class='ocr_par' dir='ltr' id='par_1_1' title="bbox 156 340 1207 1717">
     <span class='ocr_line' id='line_1_1' title="bbox 474 340 719 445; baseline 0.012 -27"><span class='ocrx_word' id='word_1_1' title='bbox 474 340 477 353; x_wconf 58' lang='lat'><strong>¹</strong></span> <span class='ocrx_word' id='word_1_2' title='bbox 564 350 580 444; x_wconf 87' lang='lat'>(</span> <span class='ocrx_word' id='word_1_3' title='bbox 611 347 678 421; x_wconf 80' lang='lat'><strong>105</strong></span> <span class='ocrx_word' id='word_1_4' title='bbox 705 353 719 445; x_wconf 89' lang='lat'>)</span> 
     </span>
     <span class='ocr_line' id='line_1_2' title="bbox 159 464 1205 579; baseline 0.003 -30"><span class='ocrx_word' id='word_1_5' title='bbox 159 500 243 550; x_wconf 87' lang='lat' dir='ltr'><strong>eum</strong></span> <span class='ocrx_word' id='word_1_6' title='bbox 262 475 355 549; x_wconf 87' lang='lat' dir='ltr'><strong>alter</strong></span> <span class='ocrx_word' id='word_1_7' title='bbox 373 472 509 574; x_wconf 81' lang='lat' dir='ltr'><strong>conjux</strong></span> <span class='ocrx_word' id='word_1_8' title='bbox 528 474 683 547; x_wconf 88' lang='lat' dir='ltr'><strong>alterum</strong></span> <span class='ocrx_word' id='word_1_9' title='bbox 701 464 884 576; x_wconf 82' lang='lat' dir='ltr'><strong>probrosa</strong></span> <span class='ocrx_word' id='word_1_10' title='bbox 903 475 1046 550; x_wconf 86' lang='lat' dir='ltr'><strong>actione</strong></span> <span class='ocrx_word' id='word_1_11' title='bbox 1059 503 1128 579; x_wconf 89' lang='lat' dir='ltr'><strong>pu·</strong></span> <span class='ocrx_word' id='word_1_12' title='bbox 1202 515 1205 520; x_wconf 88' lang='grc'><em>·</em></span> 
     </span>
     <span class='ocr_line' id='line_1_3' title="bbox 156 588 1129 690; baseline 0.001 -27"><span class='ocrx_word' id='word_1_13' title='bbox 156 589 256 663; x_wconf 85' lang='lat' dir='ltr'><strong>blico</strong></span> <span class='ocrx_word' id='word_1_14' title='bbox 268 588 444 663; x_wconf 84' lang='lat' dir='ltr'><strong>dedecori</strong></span> <span class='ocrx_word' id='word_1_15' title='bbox 458 615 646 688; x_wconf 86' lang='lat' dir='ltr'><strong>exponere</strong></span> <span class='ocrx_word' id='word_1_16' title='bbox 654 589 756 679; x_wconf 88' lang='lat' dir='ltr'><strong>nolit,</strong></span> <span class='ocrx_word' id='word_1_17' title='bbox 771 613 893 690; x_wconf 89' lang='lat' dir='ltr'><strong>neque</strong></span> <span class='ocrx_word' id='word_1_18' title='bbox 905 607 1029 666; x_wconf 86' lang='lat' dir='ltr'><strong>tamen</strong></span> <span class='ocrx_word' id='word_1_19' title='bbox 1043 619 1129 667; x_wconf 89' lang='lat' dir='ltr'><strong>con·</strong></span> 
     </span>
     <span class='ocr_line' id='line_1_4' title="bbox 158 703 1132 806; baseline 0.007 -33"><span class='ocrx_word' id='word_1_20' title='bbox 158 703 303 803; x_wconf 83' lang='lat' dir='ltr'><strong>junctus</strong></span> <span class='ocrx_word' id='word_1_21' title='bbox 323 705 473 776; x_wconf 86' lang='lat' dir='ltr'><strong>manere</strong></span> <span class='ocrx_word' id='word_1_22' title='bbox 490 704 611 806; x_wconf 86' lang='lat' dir='ltr'><strong>cupiat</strong></span> <span class='ocrx_word' id='word_1_23' title='bbox 626 729 711 779; x_wconf 84' lang='lat' dir='ltr'><strong>curu</strong></span> <span class='ocrx_word' id='word_1_24' title='bbox 726 729 903 804; x_wconf 87' lang='lat' dir='ltr'><strong>persona,</strong></span> <span class='ocrx_word' id='word_1_25' title='bbox 925 733 945 778; x_wconf 90' lang='lat' dir='ltr'><strong>a</strong></span> <span class='ocrx_word' id='word_1_26' title='bbox 964 732 1037 806; x_wconf 83' lang='lat' dir='ltr'><strong>qua</strong></span> <span class='ocrx_word' id='word_1_27' title='bbox 1055 721 1132 780; x_wconf 89' lang='lat' dir='ltr'><strong>tam</strong></span> 
     </span>
     <span class='ocr_line' id='line_1_5' title="bbox 158 814 1131 918; baseline 0.003 -30"><span class='ocrx_word' id='word_1_28' title='bbox 158 814 296 916; x_wconf 74' lang='lat' dir='ltr'><strong>perfide</strong></span> <span class='ocrx_word' id='word_1_29' title='bbox 313 831 377 890; x_wconf 66' lang='lat' dir='ltr'><strong>=est</strong></span> <span class='ocrx_word' id='word_1_30' title='bbox 397 815 593 918; x_wconf 85' lang='lat' dir='ltr'><strong>deceptus,</strong></span> <span class='ocrx_word' id='word_1_31' title='bbox 618 843 805 918; x_wconf 89' lang='lat' dir='ltr'><strong>quamque</strong></span> <span class='ocrx_word' id='word_1_32' title='bbox 819 817 943 917; x_wconf 85' lang='lat' dir='ltr'><strong>itaque</strong></span> <span class='ocrx_word' id='word_1_33' title='bbox 955 844 1034 892; x_wconf 90' lang='lat' dir='ltr'><strong>non</strong></span> <span class='ocrx_word' id='word_1_34' title='bbox 1049 835 1131 891; x_wconf 69' lang='lat' dir='ltr'><strong>am·—</strong></span> 
     </span>
     <span class='ocr_line' id='line_1_6' title="bbox 157 925 1133 1033; baseline 0.008 -34"><span class='ocrx_word' id='word_1_35' title='bbox 157 930 250 1029; x_wconf 89' lang='lat' dir='ltr'><strong>plius</strong></span> <span class='ocrx_word' id='word_1_36' title='bbox 262 930 412 1030; x_wconf 83' lang='lat' dir='ltr'><strong>dilige-re</strong></span> <span class='ocrx_word' id='word_1_37' title='bbox 423 931 674 1030; x_wconf 78' lang='lat' dir='ltr'><strong>potest-Sed</strong></span> <span class='ocrx_word' id='word_1_38' title='bbox 690 932 892 1033; x_wconf 83' lang='lat' dir='ltr'><strong>praevaluit</strong></span> <span class='ocrx_word' id='word_1_39' title='bbox 902 946 1026 1006; x_wconf 88' lang='lat' dir='ltr'><strong>tamen</strong></span> <span class='ocrx_word' id='word_1_40' title='bbox 1046 925 1133 1009; x_wconf 85' lang='lat' dir='ltr'><strong>sen-</strong></span> 
     </span>
     <span class='ocr_line' id='line_1_7' title="bbox 159 1043 1130 1144; baseline 0.007 -30"><span class='ocrx_word' id='word_1_41' title='bbox 159 1045 271 1115; x_wconf 84' lang='lat' dir='ltr'><strong>tentia</strong></span> <span class='ocrx_word' id='word_1_42' title='bbox 285 1043 578 1132; x_wconf 82' lang='lat' dir='ltr'><strong>existimantium,</strong></span> <span class='ocrx_word' id='word_1_43' title='bbox 593 1045 773 1144; x_wconf 85' lang='lat' dir='ltr'><strong>ejusmodi</strong></span> <span class='ocrx_word' id='word_1_44' title='bbox 782 1045 982 1118; x_wconf 88' lang='lat' dir='ltr'><strong>divortium</strong></span> <span class='ocrx_word' id='word_1_45' title='bbox 991 1064 1130 1121; x_wconf 87' lang='lat' dir='ltr'><strong>naturae</strong></span> 
     </span>
     <span class='ocr_line' id='line_1_8' title="bbox 158 1157 1134 1257; baseline 0.007 -30"><span class='ocrx_word' id='word_1_46' title='bbox 158 1157 380 1229; x_wconf 78' lang='lat' dir='ltr'><strong>matrimonii</strong></span> <span class='ocrx_word' id='word_1_47' title='bbox 403 1183 481 1231; x_wconf 88' lang='lat' dir='ltr'><strong>esse</strong></span> <span class='ocrx_word' id='word_1_48' title='bbox 509 1159 752 1244; x_wconf 88' lang='lat' dir='ltr'><strong>contrarium,</strong></span> <span class='ocrx_word' id='word_1_49' title='bbox 783 1183 906 1257; x_wconf 91' lang='lat' dir='ltr'><strong>neque</strong></span> <span class='ocrx_word' id='word_1_50' title='bbox 932 1173 1007 1232; x_wconf 87' lang='lat' dir='ltr'><strong>tam</strong></span> <span class='ocrx_word' id='word_1_51' title='bbox 1025 1157 1134 1234; x_wconf 88' lang='lat' dir='ltr'><strong>facile</strong></span> 
     </span>
     <span class='ocr_line' id='line_1_9' title="bbox 156 1266 1134 1368; baseline 0.004 -28"><span class='ocrx_word' id='word_1_52' title='bbox 156 1267 332 1368; x_wconf 83' lang='lat' dir='ltr'><strong>conjuges</strong></span> <span class='ocrx_word' id='word_1_53' title='bbox 350 1267 436 1355; x_wconf 79' lang='lat' dir='ltr'><strong>rixis</strong></span> <span class='ocrx_word' id='word_1_54' title='bbox 454 1283 490 1348; x_wconf 84' lang='lat' dir='ltr'><strong>et</strong></span> <span class='ocrx_word' id='word_1_55' title='bbox 502 1267 696 1342; x_wconf 85' lang='lat' dir='ltr'><strong>discordiis</strong></span> <span class='ocrx_word' id='word_1_56' title='bbox 710 1266 916 1342; x_wconf 88' lang='lat' dir='ltr'><strong>indulturos</strong></span> <span class='ocrx_word' id='word_1_57' title='bbox 929 1295 1008 1343; x_wconf 90' lang='lat' dir='ltr'><strong>esse</strong></span> <span class='ocrx_word' id='word_1_58' title='bbox 1024 1328 1032 1359; x_wconf 95' lang='lat'><strong>,</strong></span> <span class='ocrx_word' id='word_1_59' title='bbox 1047 1296 1134 1344; x_wconf 90' lang='lat' dir='ltr'><strong>cum</strong></span> 
     </span>
     <span class='ocr_line' id='line_1_10' title="bbox 157 1379 1135 1483; baseline 0 -27"><span class='ocrx_word' id='word_1_60' title='bbox 157 1381 275 1456; x_wconf 85' lang='lat' dir='ltr'><strong>sciant</strong></span> <span class='ocrx_word' id='word_1_61' title='bbox 313 1381 526 1470; x_wconf 87' lang='lat' dir='ltr'><strong>vinculum,</strong></span> <span class='ocrx_word' id='word_1_62' title='bbox 564 1408 639 1483; x_wconf 90' lang='lat' dir='ltr'><strong>quo</strong></span> <span class='ocrx_word' id='word_1_63' title='bbox 681 1379 871 1480; x_wconf 84' lang='lat' dir='ltr'><strong>conjuncti</strong></span> <span class='ocrx_word' id='word_1_64' title='bbox 909 1398 1016 1473; x_wconf 85' lang='lat' dir='ltr'><strong>sunt,</strong></span> <span class='ocrx_word' id='word_1_65' title='bbox 1054 1409 1135 1458; x_wconf 90' lang='lat' dir='ltr'><strong>non</strong></span> 
     </span>
     <span class='ocr_line' id='line_1_11' title="bbox 156 1493 1207 1598; baseline 0.001 -30"><span class='ocrx_word' id='word_1_66' title='bbox 156 1511 286 1570; x_wconf 90' lang='lat' dir='ltr'><strong>mutuo</strong></span> <span class='ocrx_word' id='word_1_67' title='bbox 321 1521 503 1569; x_wconf 87' lang='lat' dir='ltr'><strong>consensu</strong></span> <span class='ocrx_word' id='word_1_68' title='bbox 530 1520 638 1598; x_wconf 87' lang='lat' dir='ltr'><strong>posse</strong></span> <span class='ocrx_word' id='word_1_69' title='bbox 668 1493 839 1583; x_wconf 87' lang='lat' dir='ltr'><strong>dissolvi;</strong></span> <span class='ocrx_word' id='word_1_70' title='bbox 872 1509 909 1568; x_wconf 90' lang='lat' dir='ltr'><strong>et</strong></span> <span class='ocrx_word' id='word_1_71' title='bbox 943 1508 1135 1598; x_wconf 85' lang='lat' dir='ltr'><strong>praeterea</strong></span> <span class='ocrx_word' id='word_1_72' title='bbox 1202 1522 1207 1532; x_wconf 94' lang='lat'>·</span> 
     </span>
     <span class='ocr_line' id='line_1_12' title="bbox 158 1607 1135 1717; baseline 0.001 -33"><span class='ocrx_word' id='word_1_73' title='bbox 158 1613 323 1717; x_wconf 78' lang='lat' dir='ltr'><strong>sufficere</strong></span> <span class='ocrx_word' id='word_1_74' title='bbox 353 1612 624 1713; x_wconf 77' lang='lat' dir='ltr'><strong>separationem</strong></span> <span class='ocrx_word' id='word_1_75' title='bbox 648 1607 746 1716; x_wconf 89' lang='lat' dir='ltr'><strong>thori</strong></span> <span class='ocrx_word' id='word_1_76' title='bbox 779 1613 815 1684; x_wconf 89' lang='lat' dir='ltr'><strong>e&#39;t</strong></span> <span class='ocrx_word' id='word_1_77' title='bbox 843 1635 1009 1700; x_wconf 85' lang='lat' dir='ltr'><strong>mensae,</strong></span> <span class='ocrx_word' id='word_1_78' title='bbox 1037 1636 1135 1713; x_wconf 85' lang='lat' dir='ltr'><strong>quae</strong></span> 
     </span>
    </p>
   </div>
   <div class='ocr_carea' id='block_1_2' title="bbox 155 1723 1136 1933">
    <p class='ocr_par' dir='ltr' id='par_1_2' title="bbox 155 1723 1136 1933">
     <span class='ocr_line' id='line_1_13' title="bbox 155 1723 1134 1812; baseline 0.001 -15"><span class='ocrx_word' id='word_1_79' title='bbox 155 1726 208 1799; x_wconf 89' lang='lat' dir='ltr'><strong>uti</strong></span> <span class='ocrx_word' id='word_1_80' title='bbox 220 1725 346 1799; x_wconf 88' lang='lat' dir='ltr'><strong>liberis</strong></span> <span class='ocrx_word' id='word_1_81' title='bbox 363 1752 408 1798; x_wconf 89' lang='lat' dir='ltr'><strong>ex</strong></span> <span class='ocrx_word' id='word_1_82' title='bbox 422 1724 486 1797; x_wconf 93' lang='lat' dir='ltr'><strong>illo</strong></span> <span class='ocrx_word' id='word_1_83' title='bbox 498 1723 736 1794; x_wconf 85' lang='lat' dir='ltr'><strong>matrimonio</strong></span> <span class='ocrx_word' id='word_1_84' title='bbox 753 1723 859 1809; x_wconf 87' lang='lat' dir='ltr'><strong>natis,</strong></span> <span class='ocrx_word' id='word_1_85' title='bbox 875 1725 995 1797; x_wconf 90' lang='lat' dir='ltr'><strong>minus</strong></span> <span class='ocrx_word' id='word_1_86' title='bbox 1007 1738 1134 1812; x_wconf 92' lang='lat' dir='ltr'><strong>nocet,</strong></span> 
     </span>
     <span class='ocr_line' id='line_1_14' title="bbox 158 1829 1136 1933; baseline -0.003 -25"><span class='ocrx_word' id='word_1_87' title='bbox 158 1835 206 1908; x_wconf 90' lang='lat' dir='ltr'><strong>ita</strong></span> <span class='ocrx_word' id='word_1_88' title='bbox 240 1836 351 1907; x_wconf 88' lang='lat' dir='ltr'><strong>etiam</strong></span> <span class='ocrx_word' id='word_1_89' title='bbox 388 1857 491 1933; x_wconf 89' lang='lat' dir='ltr'><strong>spem</strong></span> <span class='ocrx_word' id='word_1_90' title='bbox 524 1845 644 1904; x_wconf 85' lang='lat' dir='ltr'><strong>servat</strong></span> <span class='ocrx_word' id='word_1_91' title='bbox 675 1829 994 1904; x_wconf 83' lang='lat' dir='ltr'><strong>reconciliationis.</strong></span> <span class='ocrx_word' id='word_1_92' title='bbox 1026 1832 1136 1905; x_wconf 86' lang='lat' dir='ltr'><strong>Solae</strong></span> 
     </span>
    </p>
   </div>
   <div class='ocr_carea' id='block_1_3' title="bbox 155 1942 1226 2542">
    <p class='ocr_par' dir='ltr' id='par_1_3' title="bbox 159 1942 1138 2136">
     <span class='ocr_line' id='line_1_15' title="bbox 159 1942 1138 2050; baseline -0.006 -28"><span class='ocrx_word' id='word_1_93' title='bbox 159 1950 268 2050; x_wconf 82' lang='lat' dir='ltr'><strong>igitur</strong></span> <span class='ocrx_word' id='word_1_94' title='bbox 300 1973 448 2035; x_wconf 87' lang='lat' dir='ltr'><strong>causae,</strong></span> <span class='ocrx_word' id='word_1_95' title='bbox 481 1943 531 2018; x_wconf 88' lang='lat' dir='ltr'><strong>ob</strong></span> <span class='ocrx_word' id='word_1_96' title='bbox 554 1968 646 2045; x_wconf 84' lang='lat' dir='ltr'><strong>quas</strong></span> <span class='ocrx_word' id='word_1_97' title='bbox 663 1942 862 2016; x_wconf 85' lang='lat' dir='ltr'><strong>divortium</strong></span> <span class='ocrx_word' id='word_1_98' title='bbox 890 1942 965 2045; x_wconf 87' lang='lat' dir='ltr'><strong>peti</strong></span> <span class='ocrx_word' id='word_1_99' title='bbox 994 1958 1138 2044; x_wconf 89' lang='lat' dir='ltr'><strong>potest,</strong></span> 
     </span>
     <span class='ocr_line' id='line_1_16' title="bbox 160 2078 271 2136; baseline -0.036 0"><span class='ocrx_word' id='word_1_100' title='bbox 160 2078 271 2136; x_wconf 88' lang='lat' dir='ltr'><strong>sunt:</strong></span> 
     </span>
    </p>

    <p class='ocr_par' dir='ltr' id='par_1_4' title="bbox 212 2189 532 2279">
     <span class='ocr_line' id='line_1_17' title="bbox 212 2189 532 2279; baseline -0.013 -13"><span class='ocrx_word' id='word_1_101' title='bbox 212 2210 257 2266; x_wconf 87' lang='lat'><strong>1⁰.</strong></span> <span class='ocrx_word' id='word_1_102' title='bbox 282 2189 532 2279; x_wconf 84' lang='lat' dir='ltr'><strong>Adulterium,</strong></span> 
     </span>
    </p>

    <p class='ocr_par' dir='ltr' id='par_1_5' title="bbox 155 2315 1226 2542">
     <span class='ocr_line' id='line_1_18' title="bbox 208 2315 657 2411; baseline -0.029 -15"><span class='ocrx_word' id='word_1_103' title='bbox 208 2339 256 2396; x_wconf 83' lang='lat'><strong>2⁰.</strong></span> <span class='ocrx_word' id='word_1_104' title='bbox 281 2318 450 2411; x_wconf 85' lang='lat' dir='ltr'><strong>Desertio</strong></span> <span class='ocrx_word' id='word_1_105' title='bbox 462 2315 657 2399; x_wconf 89' lang='lat' dir='ltr'><strong>malitiosa,</strong></span> 
     </span>
     <span class='ocr_line' id='line_1_19' title="bbox 155 2439 1226 2542; baseline 0.001 -28"><span class='ocrx_word' id='word_1_106' title='bbox 155 2511 158 2514; x_wconf 78' lang='grc'><em>,</em></span> <span class='ocrx_word' id='word_1_107' title='bbox 212 2451 261 2522; x_wconf 88' lang='lat'><strong>3⁰.</strong></span> <span class='ocrx_word' id='word_1_108' title='bbox 273 2442 556 2531; x_wconf 86' lang='lat' dir='ltr'><strong>Condemnatio,</strong></span> <span class='ocrx_word' id='word_1_109' title='bbox 570 2465 644 2542; x_wconf 91' lang='lat' dir='ltr'><strong>qua</strong></span> <span class='ocrx_word' id='word_1_110' title='bbox 657 2439 833 2514; x_wconf 89' lang='lat' dir='ltr'><strong>alteruter</strong></span> <span class='ocrx_word' id='word_1_111' title='bbox 843 2441 1042 2540; x_wconf 83' lang='lat' dir='ltr'><strong>conjugum</strong></span> <span class='ocrx_word' id='word_1_112' title='bbox 1054 2454 1138 2539; x_wconf 85' lang='lat' dir='ltr'><strong>post</strong></span> <span class='ocrx_word' id='word_1_113' title='bbox 1224 2443 1226 2447; x_wconf 72' lang='grc'><strong>’</strong></span> 
     </span>
    </p>
   </div>
   <div class='ocr_carea' id='block_1_4' title="bbox 160 2550 1138 2774">
    <p class='ocr_par' dir='ltr' id='par_1_6' title="bbox 160 2550 1138 2774">
     <span class='ocr_line' id='line_1_20' title="bbox 160 2550 1138 2655; baseline -0.01 -19"><span class='ocrx_word' id='word_1_114' title='bbox 160 2559 437 2636; x_wconf 88' lang='lat' dir='ltr'><strong>matrimonium</strong></span> <span class='ocrx_word' id='word_1_115' title='bbox 495 2569 748 2643; x_wconf 86' lang='lat' dir='ltr'><strong>contractum,</strong></span> <span class='ocrx_word' id='word_1_116' title='bbox 791 2577 904 2655; x_wconf 89' lang='lat' dir='ltr'><strong>poena</strong></span> <span class='ocrx_word' id='word_1_117' title='bbox 926 2568 928 2572; x_wconf 82' lang='grc'>’</span> <span class='ocrx_word' id='word_1_118' title='bbox 948 2550 1138 2627; x_wconf 82' lang='lat' dir='ltr'><strong>infamiam</strong></span> 
     </span>
     <span class='ocr_line' id='line_1_21' title="bbox 162 2668 552 2774; baseline -0.023 -28"><span class='ocrx_word' id='word_1_119' title='bbox 162 2676 366 2774; x_wconf 84' lang='lat' dir='ltr'><strong>irrogante,</strong></span> <span class='ocrx_word' id='word_1_120' title='bbox 389 2668 552 2755; x_wconf 86' lang='lat' dir='ltr'><strong>afficitur,</strong></span> 
     </span>
    </p>
   </div>
   <div class='ocr_carea' id='block_1_5' title="bbox 162 2794 1206 4142">
    <p class='ocr_par' dir='ltr' id='par_1_7' title="bbox 162 2794 1206 3234">
     <span class='ocr_line' id='line_1_22' title="bbox 209 2794 1151 2902; baseline -0.002 -28"><span class='ocrx_word' id='word_1_121' title='bbox 209 2804 258 2895; x_wconf 68' lang='lat'><strong>4⁰.</strong></span> <span class='ocrx_word' id='word_1_122' title='bbox 277 2799 385 2874; x_wconf 84' lang='lat' dir='ltr'><strong>Tales</strong></span> <span class='ocrx_word' id='word_1_123' title='bbox 398 2797 567 2872; x_wconf 85' lang='lat' dir='ltr'><strong>saevitiae</strong></span> <span class='ocrx_word' id='word_1_124' title='bbox 582 2795 788 2872; x_wconf 83' lang='lat' dir='ltr'><strong>alterutrius</strong></span> <span class='ocrx_word' id='word_1_125' title='bbox 805 2794 985 2899; x_wconf 84' lang='lat' dir='ltr'><strong>conjugis,</strong></span> <span class='ocrx_word' id='word_1_126' title='bbox 1004 2798 1151 2902; x_wconf 51' lang='lat' dir='ltr'><strong>quibusv</strong></span> 
     </span>
     <span class='ocr_line' id='line_1_23' title="bbox 164 2911 1140 3014; baseline -0.001 -26"><span class='ocrx_word' id='word_1_127' title='bbox 164 2914 312 2988; x_wconf 87' lang='lat' dir='ltr'><strong>alterius</strong></span> <span class='ocrx_word' id='word_1_128' title='bbox 346 2912 419 2986; x_wconf 80' lang='lat' dir='ltr'><strong>vita</strong></span> <span class='ocrx_word' id='word_1_129' title='bbox 460 2912 498 2983; x_wconf 90' lang='lat' dir='ltr'><strong>in</strong></span> <span class='ocrx_word' id='word_1_130' title='bbox 538 2911 700 3012; x_wconf 90' lang='lat' dir='ltr'><strong>periculo</strong></span> <span class='ocrx_word' id='word_1_131' title='bbox 729 2929 919 3001; x_wconf 85' lang='lat' dir='ltr'><strong>versatur,</strong></span> <span class='ocrx_word' id='word_1_132' title='bbox 955 2912 1014 2987; x_wconf 87' lang='lat' dir='ltr'><strong>vel</strong></span> <span class='ocrx_word' id='word_1_133' title='bbox 1043 2940 1140 3014; x_wconf 86' lang='lat' dir='ltr'><strong>quae</strong></span> 
     </span>
     <span class='ocr_line' id='line_1_24' title="bbox 162 3024 1206 3133; baseline -0.007 -31"><span class='ocrx_word' id='word_1_134' title='bbox 162 3029 229 3133; x_wconf 83' lang='lat' dir='ltr'><strong>ipsi</strong></span> <span class='ocrx_word' id='word_1_135' title='bbox 263 3026 427 3130; x_wconf 83' lang='lat' dir='ltr'><strong>gravium</strong></span> <span class='ocrx_word' id='word_1_136' title='bbox 446 3031 554 3100; x_wconf 85' lang='lat' dir='ltr'><strong>causa</strong></span> <span class='ocrx_word' id='word_1_137' title='bbox 573 3024 723 3097; x_wconf 86' lang='lat' dir='ltr'><strong>fuerunt</strong></span> <span class='ocrx_word' id='word_1_138' title='bbox 741 3025 1047 3098; x_wconf 84' lang='lat' dir='ltr'><strong>vulnerationum.</strong></span> <span class='ocrx_word' id='word_1_139' title='bbox 1068 3025 1138 3097; x_wconf 85' lang='lat' dir='ltr'><strong>vid.</strong></span> <span class='ocrx_word' id='word_1_140' title='bbox 1204 3120 1206 3122; x_wconf 6' lang='lat' dir='ltr'>V</span> 
     </span>
     <span class='ocr_line' id='line_1_25' title="bbox 162 3138 454 3234; baseline -0.024 -18"><span class='ocrx_word' id='word_1_141' title='bbox 162 3145 242 3216; x_wconf 71' lang='lat' dir='ltr'><strong>Art,</strong></span> <span class='ocrx_word' id='word_1_142' title='bbox 263 3143 298 3234; x_wconf 76' lang='grc'><strong>4.</strong></span> <span class='ocrx_word' id='word_1_143' title='bbox 321 3144 390 3214; x_wconf 79' lang='lat' dir='ltr'><strong>Tit.</strong></span> <span class='ocrx_word' id='word_1_144' title='bbox 408 3138 454 3210; x_wconf 84' lang='lat' dir='ltr'><strong>X.</strong></span> 
     </span>
    </p>

    <p class='ocr_par' dir='ltr' id='par_1_8' title="bbox 163 3269 1174 4142">
     <span class='ocr_line' id='line_1_26' title="bbox 212 3269 1141 3373; baseline -0.002 -30"><span class='ocrx_word' id='word_1_145' title='bbox 212 3269 322 3345; x_wconf 75' lang='lat' dir='ltr'><strong>Recte</strong></span> <span class='ocrx_word' id='word_1_146' title='bbox 348 3270 456 3371; x_wconf 82' lang='lat' dir='ltr'><strong>igitur</strong></span> <span class='ocrx_word' id='word_1_147' title='bbox 492 3279 638 3369; x_wconf 87' lang='lat' dir='ltr'><strong>praeter</strong></span> <span class='ocrx_word' id='word_1_148' title='bbox 664 3279 833 3373; x_wconf 86' lang='lat' dir='ltr'><strong>mutuum</strong></span> <span class='ocrx_word' id='word_1_149' title='bbox 866 3291 1089 3341; x_wconf 90' lang='lat' dir='ltr'><strong>consensum</strong></span> <span class='ocrx_word' id='word_1_150' title='bbox 1119 3293 1141 3341; x_wconf 89' lang='lat' dir='ltr'><strong>e</strong></span> 
     </span>
     <span class='ocr_line' id='line_1_27' title="bbox 165 3376 1172 3485; baseline -0.007 -27"><span class='ocrx_word' id='word_1_151' title='bbox 165 3384 246 3485; x_wconf 87' lang='lat' dir='ltr'><strong>jure</strong></span> <span class='ocrx_word' id='word_1_152' title='bbox 273 3380 414 3454; x_wconf 89' lang='lat' dir='ltr'><strong>Gallico</strong></span> <span class='ocrx_word' id='word_1_153' title='bbox 446 3381 543 3468; x_wconf 84' lang='lat' dir='ltr'><strong>inter</strong></span> <span class='ocrx_word' id='word_1_154' title='bbox 571 3404 697 3452; x_wconf 85' lang='lat' dir='ltr'><strong>causas</strong></span> <span class='ocrx_word' id='word_1_155' title='bbox 717 3376 864 3451; x_wconf 85' lang='lat' dir='ltr'><strong>divortii</strong></span> <span class='ocrx_word' id='word_1_156' title='bbox 888 3380 1044 3460; x_wconf 88' lang='lat' dir='ltr'><strong>omissae</strong></span> <span class='ocrx_word' id='word_1_157' title='bbox 1058 3394 1144 3451; x_wconf 89' lang='lat' dir='ltr'><strong>sunt</strong></span> <span class='ocrx_word' id='word_1_158' title='bbox 1168 3448 1172 3462; x_wconf 72' lang='grc'>,</span> 
     </span>
     <span class='ocr_line' id='line_1_28' title="bbox 166 3490 1142 3595; baseline -0.009 -20"><span class='ocrx_word' id='word_1_159' title='bbox 166 3499 333 3575; x_wconf 85' lang='lat' dir='ltr'><strong>saevitiae</strong></span> <span class='ocrx_word' id='word_1_160' title='bbox 346 3495 523 3583; x_wconf 88' lang='lat' dir='ltr'><strong>leviores,</strong></span> <span class='ocrx_word' id='word_1_161' title='bbox 542 3508 578 3568; x_wconf 89' lang='lat' dir='ltr'><strong>et</strong></span> <span class='ocrx_word' id='word_1_162' title='bbox 592 3490 762 3595; x_wconf 88' lang='lat' dir='ltr'><strong>injuriae;</strong></span> <span class='ocrx_word' id='word_1_163' title='bbox 778 3520 872 3595; x_wconf 88' lang='lat' dir='ltr'><strong>quae</strong></span> <span class='ocrx_word' id='word_1_164' title='bbox 889 3516 1019 3568; x_wconf 88' lang='lat' dir='ltr'><strong>causae</strong></span> <span class='ocrx_word' id='word_1_165' title='bbox 1034 3492 1142 3567; x_wconf 88' lang='lat' dir='ltr'><strong>nimis</strong></span> 
     </span>
     <span class='ocr_line' id='line_1_29' title="bbox 163 3605 1141 3714; baseline -0.008 -26"><span class='ocrx_word' id='word_1_166' title='bbox 163 3641 273 3714; x_wconf 80' lang='lat' dir='ltr'><strong>vagae</strong></span> <span class='ocrx_word' id='word_1_167' title='bbox 287 3628 398 3712; x_wconf 88' lang='lat' dir='ltr'><strong>atque</strong></span> <span class='ocrx_word' id='word_1_168' title='bbox 424 3607 637 3682; x_wconf 86' lang='lat' dir='ltr'><strong>arbitrariae</strong></span> <span class='ocrx_word' id='word_1_169' title='bbox 664 3608 761 3683; x_wconf 77' lang='lat' dir='ltr'><strong>visae</strong></span> <span class='ocrx_word' id='word_1_170' title='bbox 780 3624 879 3697; x_wconf 88' lang='lat' dir='ltr'><strong>sunt;</strong></span> <span class='ocrx_word' id='word_1_171' title='bbox 898 3622 934 3681; x_wconf 89' lang='lat' dir='ltr'><strong>et</strong></span> <span class='ocrx_word' id='word_1_172' title='bbox 955 3605 1031 3705; x_wconf 84' lang='lat' dir='ltr'><strong>jam</strong></span> <span class='ocrx_word' id='word_1_173' title='bbox 1051 3605 1141 3680; x_wconf 81' lang='lat' dir='ltr'><strong>levis</strong></span> 
     </span>
     <span class='ocr_line' id='line_1_30' title="bbox 163 3721 1143 3815; baseline -0.008 -13"><span class='ocrx_word' id='word_1_174' title='bbox 163 3727 362 3815; x_wconf 78' lang='lat' dir='ltr'><strong>violentia,</strong></span> <span class='ocrx_word' id='word_1_175' title='bbox 394 3722 454 3799; x_wconf 91' lang='lat' dir='ltr'><strong>vel</strong></span> <span class='ocrx_word' id='word_1_176' title='bbox 483 3724 563 3798; x_wconf 89' lang='lat' dir='ltr'><strong>leve</strong></span> <span class='ocrx_word' id='word_1_177' title='bbox 583 3723 807 3814; x_wconf 90' lang='lat' dir='ltr'><strong>convitium,</strong></span> <span class='ocrx_word' id='word_1_178' title='bbox 832 3721 1023 3795; x_wconf 86' lang='lat' dir='ltr'><strong>autetiam</strong></span> <span class='ocrx_word' id='word_1_179' title='bbox 1048 3746 1143 3794; x_wconf 87' lang='lat' dir='ltr'><strong>vana</strong></span> 
     </span>
     <span class='ocr_line' id='line_1_31' title="bbox 165 3832 1141 3945; baseline -0.005 -32"><span class='ocrx_word' id='word_1_180' title='bbox 165 3842 299 3913; x_wconf 90' lang='lat' dir='ltr'><strong>horum</strong></span> <span class='ocrx_word' id='word_1_181' title='bbox 318 3837 499 3912; x_wconf 89' lang='lat' dir='ltr'><strong>simulatio</strong></span> <span class='ocrx_word' id='word_1_182' title='bbox 525 3861 605 3916; x_wconf 79' lang='lat' dir='ltr'><strong>non</strong></span> <span class='ocrx_word' id='word_1_183' title='bbox 625 3835 779 3945; x_wconf 85' lang='lat' dir='ltr'><strong>amplius</strong></span> <span class='ocrx_word' id='word_1_184' title='bbox 794 3839 946 3936; x_wconf 89' lang='lat' dir='ltr'><strong>possunt</strong></span> <span class='ocrx_word' id='word_1_185' title='bbox 965 3832 1141 3920; x_wconf 84' lang='lat' dir='ltr'><strong>inservire</strong></span> 
     </span>
     <span class='ocr_line' id='line_1_32' title="bbox 165 3945 1174 4060; baseline -0.004 -34"><span class='ocrx_word' id='word_1_186' title='bbox 165 3951 385 4056; x_wconf 82' lang='lat' dir='ltr'><strong>praetextui,</strong></span> <span class='ocrx_word' id='word_1_187' title='bbox 417 3951 463 4060; x_wconf 84' lang='lat' dir='ltr'><strong>ad</strong></span> <span class='ocrx_word' id='word_1_188' title='bbox 489 3950 677 4026; x_wconf 86' lang='lat' dir='ltr'><strong>vinculum</strong></span> <span class='ocrx_word' id='word_1_189' title='bbox 694 3947 915 4026; x_wconf 86' lang='lat' dir='ltr'><strong>matrimonii</strong></span> <span class='ocrx_word' id='word_1_190' title='bbox 935 3945 1142 4024; x_wconf 83' lang='lat' dir='ltr'><strong>dissolven·</strong></span> <span class='ocrx_word' id='word_1_191' title='bbox 1172 3993 1174 3997; x_wconf 65' lang='lat'><strong>,</strong></span> 
     </span>
     <span class='ocr_line' id='line_1_33' title="bbox 164 4070 266 4142; baseline -0.039 0"><span class='ocrx_word' id='word_1_192' title='bbox 164 4070 266 4142; x_wconf 89' lang='lat' dir='ltr'><strong>dum.</strong></span> 
     </span>
    </p>
   </div>
   <div class='ocr_carea' id='block_1_6' title="bbox 954 4159 996 4232">
    <p class='ocr_par' dir='ltr' id='par_1_9' title="bbox 954 4159 996 4232">
     <span class='ocr_line' id='line_1_34' title="bbox 954 4159 996 4232; baseline 0 0"><span class='ocrx_word' id='word_1_193' title='bbox 954 4159 996 4232; x_wconf 87' lang='lat' dir='ltr'><strong>P.</strong></span> 
     </span>
    </p>
   </div>
   <div class='ocr_carea' id='block_1_7' title="bbox 0 0 1306 4724">
    <p class='ocr_par' dir='ltr' id='par_1_10' title="bbox 0 0 1306 4724">
     <span class='ocr_line' id='line_1_35' title="bbox 0 0 1306 4724; baseline 0 0"><span class='ocrx_word' id='word_1_194' title='bbox 0 0 1306 4724; x_wconf 95' lang='lat' dir='ltr'><strong> </strong></span> 
     </span>
    </p>
   </div>
  </div>
 </body>
</html>
