2596 4724
154 512 231 575 nou
250 474 531 587 distinguentem
546 489 756 562 nominibus
772 489 987 592 specialibus
1003 491 1119 588 stipu-

155 603 322 695 lationes,
338 630 429 703 quas
443 604 603 703 partibus
618 604 749 704 pacisci
761 605 916 703 placeat3
927 612 1120 679 articulum

159 735 281 791 autem
313 747 333 792 2
355 727 392 792 in
408 720 480 810 fine
507 734 680 806 statuere,
711 717 886 821 conjuges
913 747 987 794 non
1016 742 1123 823 posse

158 830 333 904 recedere
366 861 385 904 a
416 831 558 931 juribus
577 859 657 932 quae
685 832 833 921 marito,
869 850 994 932 utpote
1013 832 1123 933 capiti

160 944 338 1017 societatis
348 945 559 1045 conjugalis,
576 945 724 1045 propria
739 961 831 1031 sunt,
847 961 997 1044 excepta
1015 945 1057 1017 sti
1064 972 1124 1044 pu-

158 1055 317 1142 latione,
339 1084 408 1157 qua
429 1085 519 1131 uxor
535 1059 604 1132 sibi
622 1057 983 1130 *administrationem
1000 1085 1125 1131 rerum

162 1169 518 1253 suarummohilium
541 1185 649 1268 atque
669 1169 931 1256 immobilium,
963 1193 1129 1240 necnon

163 1281 323 1356 liberum
347 1309 453 1355 usum
470 1282 656 1355 redituum
686 1298 899 1363 reservaret.
921 1286 998 1357 Hac
1024 1285 1129 1384 igitur

110 1487 113 1492 ¹
163 1393 399 1491 stipulatione
414 1418 543 1496 revera
562 1394 998 1468 communioexcluditur
1017 1409 1052 1468 et
1070 1421 1132 1468 se-

164 1504 304 1602 paratio
320 1505 508 1577 bonorum
520 1520 650 1603 sponte
669 1531 731 1578 sua
747 1504 899 1596 obtinet3
924 1506 1024 1577 nulla
1044 1532 1132 1579 vero

164 1646 271 1691 causa
296 1616 381 1709 suit,
405 1646 471 1693 cur
496 1619 576 1718 lege
598 1619 687 1691 huic,
708 1620 930 1720 stipulationi
951 1622 1133 1721 peculiare
1212 1616 1217 1624 ’

164 1731 387 1804 tribueretur
416 1757 571 1816 nomen,
605 1757 690 1802 cum
717 1748 893 1826 praeterea
924 1733 1018 1806 lianc
1044 1761 1135 1807 con-

164 1845 377 1917 ventionem
392 1848 647 1936 separationem
666 1843 837 1914 bonorum
854 1845 1128 1941 nttncupandO,

168 1955 336 2058 conlusio
358 1940 524 2045 idearum
552 1953 725 2042 oriretur,
745 1953 886 2027 ratione
905 1961 1135 2052 separationis

169 2070 340 2143 bonorum
357 2069 404 2142 de
419 2095 491 2167 qua
504 2073 611 2141 titudo
629 2069 665 2142 V
661 2069 705 2139 ΙΙ
716 2067 843 2165 agitur.
866 2069 958 2141 th.
953 2071 1129 2235 Respons.

169 2181 559 2257 antonnacum

220 2330 269 2385 2⁰.
295 2313 379 2383 Non
398 2326 550 2407 possunt
571 2308 746 2406 conjuges
765 2321 959 2380 <contractu
987 2312 1140 2409 nuptiali

166 2423 389 2515 ‘renunciare
403 2419 584 2521 portioni,
598 2443 710 2517 quam
724 2418 782 2490 lex
797 2419 838 2491 iis
855 2417 891 2488 in
909 2420 1140 2493 successione

172 2534 472 2611 descendentium
502 2532 658 2625 tribuit„
673 2530 731 2604 vel
757 2545 914 2628 statuere
935 2529 980 2603 de
1009 2532 1142 2604 horum

166 2651 414 2725 successione.
435 2664 501 2720 art.
522 2650 562 2732 3;
582 2645 686 2718 firma
705 2647 804 2718 enim
824 2647 1062 2721 successionis
1085 2649 1142 2744 ¹0ss

168 2747 465 2862 'galisprincipia
475 2785 560 2852 cum
575 2758 612 2828 in
632 2757 817 2859 publicam
832 2758 1020 2845 utilitatem
1034 2786 1144 2835 cons-

172 2877 277 2948 tituta
304 2875 392 2965 sint,
413 2873 722 2949 conventionibus
739 2872 984 2972 peculiaribus
1010 2876 1142 2950 mutari

178 3004 381 3090 nequeunt

227 3121 275 3191 3⁰.
302 3119 386 3190 Non
406 3118 500 3190 valet
528 3115 735 3214 stipulati0‚
766 3139 838 3210 qua
858 3112 1029 3187 alteruter
1051 3142 1146 3189 con—

176 3232 303 3332 jugum
314 3231 492 3329 majorem
507 3244 647 3329 partem
664 3227 701 3296 in
713 3226 886 3300 oneribus
897 3225 1021 3316 ferret,
1034 3255 1147 3330 quam

166 3373 253 3453 'qim
269 3347 310 3416 in
329 3341 688 3443 commodisfruitur.
709 3341 787 3413 Art,
809 3341 843 3430 4.

166 3570 168 3575 Ι
228 3479 277 3570 40.
305 3471 488 3572 Coujuges
501 3469 722 3570 generaliter
737 3469 935 3555 convenire
948 3481 1148 3567 nequeunt,

164 3615 314 3662 eorum
345 3585 659 3688 consociationem
687 3581 811 3654 locum
837 3607 913 3655 esse
944 3580 1150 3653 habituram

179 3701 385 3774 secundum
398 3700 495 3799 leges
516 3712 723 3786 extraneas,
746 3712 807 3771 aut
832 3695 1032 3768 secundum
1055 3721 1151 3769 con·-

185 3814 411 3900 suetudines,
442 3812 609 3900 codices,
646 3810 702 3884 vel
728 3809 980 3910 cujuscunque
1009 3811 1152 3911 generis
1238 3898 1241 3904 .

187 3924 302 4023 leges,
340 3949 432 4023 quae
458 3938 572 3996 antea
603 3922 640 3993 in
674 3919 829 3994 dirersis
842 3920 979 4020 patriae
1006 3936 1152 4007 nostrae

188 4035 400 4139 partibus
369 4064 441 4111 rim
452 4020 671 4116 habuerunt.
683 4037 763 4110 Art.
780 4036 812 4109 5„
