2596 4724
566 316 716 406 (ΠΙ)

204 438 268 516 Ηίε
288 444 395 542 igitur
423 441 567 514 casibus
595 443 749 514 vidimus
778 443 960 516 actionem
982 437 1126 512 divortii

155 550 251 644 rolli;
274 553 338 626 sed
367 568 403 626 et
430 553 753 654 acciderepotest,
777 572 817 629 ut
836 559 911 655 ipsa
931 554 1126 643 sententia,

156 693 230 766 qua
252 660 447 737 divortium
477 684 790 755 concessumst,
822 666 953 739 effectu
987 682 1127 751 caream

155 780 225 850 nisi
243 780 341 850 enim
357 780 452 853 intra
469 781 561 854 duos
581 806 723 853 menses
739 794 933 881 postquam
950 777 1131 879 ejusmodi

158 894 336 966 sententia
366 893 513 995 plenam
543 896 617 966 vim
656 911 761 967 nacta
792 910 860 982 est,
900 895 947 965 ita
981 908 1019 965 ut
1053 920 1130 965 non

157 1006 312 1105 amplius
337 1007 442 1108 legali
468 1007 579 1080 modo
603 1008 805 1108 impugnari
824 1007 951 1106 possit,
973 1005 1128 1104 conqu‚

159 1121 222 1216 qui
244 1120 438 1193 divortium
462 1121 683 1221 impetravit,
704 1121 778 1191 sive
800 1143 837 1190 se
862 1120 938 1215 ipse
958 1121 1131 1190 contule-

159 1228 224 1317 rit,
244 1233 317 1304 sive
333 1249 616 1332 procuratorem
634 1231 781 1328 speciali
800 1229 970 1300 mandato
982 1228 1133 1301 instruc·
1158 1229 1161 1235 ’
1245 1293 1249 1303 .

159 1357 237 1412 tum
256 1343 477 1442 delegaverit
499 1367 626 1414 coram
650 1341 855 1439 magistratu
874 1339 985 1410 statiis
999 1339 1133 1427 civilis,

127 1506 129 1513 .
161 1453 272 1526 altera
294 1470 395 1552 parte
408 1452 475 1526 rite
493 1456 611 1541 citata,
629 1467 669 1525 ut
687 1451 884 1524 divortium
904 1447 1026 1521 audiat
1040 1460 1133 1552 pro-

159 1570 338 1655 nunciari,
355 1568 555 1668 privabitur
572 1569 630 1643 hic
660 1569 794 1666 conjux
813 1565 1015 1656 beneficio,
1029 1568 1132 1668 quod

161 1685 336 1756 sententia
356 1686 546 1782 impetrata
565 1699 693 1758 nactus
709 1696 795 1757 erat.
817 1686 897 1756 Art.
924 1685 966 1756 18
979 1701 1015 1758 et
1028 1711 1079 1786 ¹9·

209 1843 372 1916 Effectus
400 1843 547 1915 divortii
573 1843 731 1940 duplicis
760 1844 903 1942 generis
933 1861 1035 1933 sunt;
1070 1851 1130 1922 alii

162 1954 261 2027 enim
286 1955 383 2054 ipsos
408 1950 583 2054 conjuges
609 1968 774 2054 spectant
797 2009 806 2042 ,
828 1953 888 2024 alii
912 1953 1049 2031 liberos
1069 1986 1133 2034 eo-

162 2096 255 2142 rum.

179 2308 181 2312 Α
215 2223 350 2294 Priorir
371 2226 508 2320 generis
524 2235 625 2295 sunt:

219 2350 261 2402 1⁰.
287 2334 396 2420 Quod
415 2330 690 2421 matrimonium
713 2329 809 2398 inter
830 2332 1005 2431 conjuges
1024 2337 1133 2433 plane

144 2500 146 2504 .
165 2443 383 2515 dissolutum
401 2458 475 2529 est,
500 2443 547 2514 ita
569 2457 699 2516 utnon
720 2442 873 2542 amplius
892 2471 1018 2522 secum
1035 2454 1134 2524 invi-

134 2564 246 2630 'cem
277 2558 382 2631 novis
416 2558 551 2657 nuptiis
587 2555 761 2658 conjungi
793 2560 943 2659 possint.
982 2565 1063 2638 Art.
1098 2590 1157 2666 94¹

109 2680 112 2684 ⁴
168 2673 234 2741 Τιἰ.
262 2672 330 2741 IV.

217 2846 264 2899 2⁰.
290 2827 398 2918 Quod
413 2826 643 2914 communio,
664 2852 746 2926 quae
764 2827 859 2900 iuter
880 2829 1055 2934 conjuges
1073 2834 1136 2909 lo.

166 2971 252 3018 cum
266 2943 403 3031 habuit,
421 2942 595 3015 dissoluta
608 2955 661 3014 est
674 2956 710 3015 et
725 2941 836 3015 dividi
858 2932 979 3037 debet,
1000 2977 1137 3047 quem-

167 3054 366 3129 admodum
388 3053 498 3154 supra
519 3053 686 3125 vidimus.
712 3060 793 3127 Art.
818 3057 876 3126 30.
909 3059 977 3128 Tu:
1002 3059 1049 3130 X.

218 3225 268 3296 3⁰.
293 3219 402 3311 Quod
425 3216 576 3316 conjnrr,
592 3229 720 3295 contra
739 3241 851 3316 quem
873 3215 1071 3298 divortium
1086 3240 1141 3301 est

170 3335 471 3438 pronunciatum,
493 3330 623 3402 amittit
642 3329 766 3401 omnia
798 3331 995 3405 commoda
1026 3351 1140 3436 atque

171 3448 437 3535 emolumenta,
462 3471 544 3543 quae
573 3445 665 3517 alter
688 3442 824 3540 conjux
849 3449 1140 3524 anteactionem

172 3562 319 3635 divortii
342 3561 378 3631 in
403 3557 786 3659 ipsamconstituerat.
808 3562 889 3634 Art.
913 3587 969 3632 21.
998 3562 1141 3666 Coniux

174 3703 276 3762 vero,
298 3674 367 3775 qui
379 3673 577 3746 divortium
600 3672 820 3770 impetravit,
842 3691 1036 3749 conservat
1053 3688 1141 3750 om-

176 3790 237 3860 nia
250 3789 446 3869 commoda
463 3786 530 3860 sibi
546 3786 594 3858 ab
621 3787 737 3863 altero
756 3787 913 3888 conjuge
930 3794 1140 3886 constituta,
1161 3853 1165 3863 .

174 3901 261 3973 licet
273 3901 514 3974 convenerint
529 3898 718 4002 conjuges,
737 3901 826 3973 haec
847 3905 1046 3978 commoda
1060 3906 1143 3984 fore
1178 3905 1180 3909 ¹

173 4015 382 4116 reciproca,
399 4008 514 4122 reque
529 4015 722 4115 reciproca
741 4011 891 4090 fuerint.
908 4017 989 4094 Art.
1011 4045 1069 4097 20.
