2596 4724
587 374 607 468 '(
633 375 741 470 too)

176 507 371 583 mobilium
389 503 553 590 alterius,
572 517 682 603 atque
701 488 795 574 hane
813 499 979 573 notitiam
996 522 1142 571 causam

174 611 303 710 fuisse,
333 645 400 694 cur
432 630 553 716 partes
588 613 853 689 contrahentes
875 612 1017 714 nuptias
1049 609 1142 684 inire

152 734 428 821 ,decreverint;
459 760 542 832 quae
568 730 686 802 ambae
715 726 932 829 hypotheses
962 723 1142 798 difficilius

176 845 316 920 admitti
329 857 503 942 possunt,
522 867 635 940 quam
654 853 694 911 ut
712 835 909 911 indefinitae
933 832 1142 934 exceptioni

171 961 298 1032 locum
309 953 452 1045 darent;
467 968 659 1054 praeterea,
676 946 708 1025 si
716 952 794 1026 haec
808 939 1002 1053 dispositio
1010 947 1140 1022 admit·

170 1087 326 1159 teretur,
345 1069 488 1169 quoties
519 1067 565 1141 de
601 1066 862 1141 communione
894 1062 1138 1139 convenerint

171 1198 309 1285 partes,
346 1169 456 1256 etiam
480 1182 657 1258 ‘obtinere
691 1181 820 1270 debet,
848 1179 997 1282 quando
1035 1193 1142 1278 pacta
1174 1222 1179 1227 -

171 1296 348 1398 nuptialia
360 1295 507 1388 desunt;
525 1311 686 1396 utroque
700 1293 799 1368 enim
817 1290 902 1368 casu
917 1289 1031 1364 futuri
1046 1315 1138 1363 con-

170 1410 274 1514 juges
290 1410 507 1500 sivetacite,
523 1411 598 1484 sive
611 1408 779 1508 expresse
795 1404 1049 1513 communioni
1061 1428 1141 1478 sese

156 1523 424 1623 subjecerunt,
452 1539 488 1597 et
519 1522 670 1623 quando
703 1547 819 1595 causae
848 1534 931 1595 sunt
961 1518 1139 1620 aequales,

170 1635 320 1707 effectus
335 1661 405 1707 ase
421 1637 578 1706 invicem
591 1635 800 1732 discrepare
820 1649 1028 1733 nequeunt3
1040 1631 1140 1705 unde
1216 1689 1219 1692 .

170 1747 351 1848 sequitur,
370 1748 466 1820 hanc
483 1747 736 1847 exceptionem
753 1759 814 1819 aut
829 1746 946 1820 omitti
957 1745 1140 1834 debuisse,

170 1876 232 1935 aut
250 1862 352 1954 omni
365 1887 451 1935 casu
466 1860 625 1956 admitti,
645 1860 774 1934 saltem
791 1887 812 1931 a
827 1858 887 1933 die
904 1855 1038 1959 prioris
1057 1884 1141 1960 pro·

168 1976 401 2081 mulgationis
417 1975 529 2070 futuri
543 1976 766 2073 matrimonii
781 2034 789 2067 ,
805 1975 942 2077 quippe
957 2000 1032 2075 quo
1047 1999 1139 2047 con-

166 2091 389 2164 trahentium
422 2115 620 2164 consensus
650 2091 822 2190 praesumi
853 2102 985 2189 potest.
1017 2092 1138 2162 Porro

165 2203 408 2302 praetermissa
422 2212 481 2295 ‘est
505 2199 713 2300 dispositio,
735 2228 806 2300 qua
831 2228 852 2275 e
871 2201 1137 2274 communione

166 2311 371 2389 excluditur
379 2312 658 2413 resimmobilis,
666 2314 968 2415 abfladscendente
976 2317 1138 2418 quodam

164 2428 329 2524 alterutri
348 2428 496 2530 conjugi
513 2454 613 2501 cessa
629 2457 672 2525 ea
688 2429 914 2528 conditione,
932 2445 972 2503 ut
991 2428 1137 2506 solvan-

163 2555 225 2614 tur
241 2540 367 2641 debita
385 2540 556 2616 cedentis.
573 2543 652 2615 Art.
679 2542 782 2635 1406.
802 2546 886 2616 Cod.
904 2547 1001 2640 Nap.
1022 2543 1138 2643 Ejus-

162 2655 267 2732 modi
287 2648 391 2733 'enim
422 2664 613 2732 cessionem
640 2645 862 2757 legislatores
890 2655 1025 2760 Belgici
1041 2671 1136 2752 tan-

57 2789 63 2802 ·
162 2795 276 2868 quam
294 2770 456 2867 speciem
474 2769 660 2870 quandam
679 2773 892 2865 venditionis
916 2761 1134 2846 considera-

160 2893 264 2964 runt,
295 2880 455 2977 ideoque
480 2908 561 2952 rem
588 2883 687 2968 illam
718 2884 970 2976 immobilem,
995 2888 1133 2990 quippe

67 3069 71 3077 ,
160 2991 266 3082 titulo
286 3016 446 3082 oneroso
463 2993 694 3093 acquisitam,
717 3017 956 3068 communem
973 2997 1052 3071 fieri
1073 3027 1134 3097 ro-

160 3106 319 3207 luerunt.
336 3109 478 3204 Omissa
497 3103 606 3181 etiam
620 3121 704 3181 sunt
721 3108 855 3200 omnia,
865 3136 955 3211 quae
968 3128 1136 3211 spectant

160 3221 311 3296 effectus
323 3229 446 3296 mortis
455 3227 564 3298 civilis
573 3281 581 3313 ,
591 3236 631 3297 ut
644 3238 680 3296 et
694 3223 818 3296 omnia
828 3280 837 3314 ,
846 3250 929 3324 quae
947 3222 1134 3325 pertinent

160 3333 207 3408 ad
230 3332 360 3410 usurus
385 3340 533 3436 legales,
555 3364 638 3437 quae
660 3336 776 3411 tertiis
800 3336 1003 3430 debentur,
1030 3368 1131 3443 quo-

158 3449 260 3520 niam
277 3477 370 3523 mors
388 3453 497 3524 ciuilis
516 3448 652 3523 abolita
670 3464 743 3541 est;
761 3448 847 3527 Vid.
866 3469 937 3528 art.
957 3455 997 3547 4,
1017 3463 1069 3527 tit.
1089 3457 1130 3544 I,

151 3577 196 3666 ‚et
220 3563 267 3637 de
281 3570 413 3664 Ἰιιςιινίε
438 3576 550 3664 atque
574 3590 614 3637 eo
638 3565 736 3663 quod
756 3570 914 3654 interest,
943 3566 1131 3668 peculiare,
1212 3613 1214 3617 ·

158 3693 267 3777 caput
287 3676 513 3752 conficietur.
533 3677 704 3776 Denique
731 3676 875 3753 silentio
895 3682 1005 3753 etiam
1027 3708 1127 3780 prae-

74 3799 77 3805 '
156 3796 335 3867 teri‘erunt
360 3795 581 3894 legislatores
600 3793 716 3866 nostri
736 3792 1034 3895 dispositionem,
1053 3823 1132 3897 qua,

155 3903 311 3982 heredes
333 3908 452 3980 mariti
478 3908 616 3979 luctum
633 3905 753 3978 viduae
777 3905 918 3979 solvere
944 3917 1125 4002 tenentur;

158 4020 239 4093 Art.
263 4023 363 4113 1481,
379 4022 464 4094 Cod.
477 4023 576 4119 Nep.
594 4019 680 4119 quia
698 4017 900 4093 secundum
913 4047 1035 4096 mores
1047 4050 1131 4105 nost
1177 4096 1182 4102 ,
