2596 4724
513 351 530 445 l
554 351 599 444 43
626 351 642 443 )

86 493 259 577 sequatur
279 477 368 551 alius
383 480 611 553 matrimonii
630 477 793 568 effectus,
813 478 951 554 seilicet
963 502 1066 552 coma

55 692 60 698 .
84 601 207 667 martio
226 595 398 670 bonorum
421 623 507 670 cum
527 595 701 669 omnibus
720 597 781 685 iis,
801 623 884 696 quae
913 594 1061 670 adeam

89 711 288 806 pertinent.

131 838 334 926 Praeterea,
370 840 550 937 quoniam
589 838 684 911 ordo
719 840 831 912 totius
868 841 990 941 operis
1028 855 1065 914 et

82 949 297 1049 conjunctio
326 954 507 1025 variarum
540 952 586 1026 de
615 952 694 1050 jure
725 953 822 1026 civili
853 953 992 1054 legum,
1025 956 1063 1025 in

80 1089 200 1135 unum
234 1062 444 1150 Codieem,
485 1064 602 1139 adhue
647 1068 753 1167 Regis
798 1064 1063 1140 deliberationi

11 1248 13 1255 ,
81 1174 217 1274 subjici
238 1176 411 1267 debeant,
428 1177 506 1250 haec
523 1204 582 1252 res
598 1205 750 1278 prorsus
766 1180 907 1280 integra
925 1196 1061 1254 manet.

79 1291 187 1393 Coras.
200 1293 381 1387 Respons.
402 1293 451 1362 ad
469 1291 602 1366 observ.
627 1294 694 1364 Ta.
717 1295 753 1365 V
751 1294 781 1364 J.
802 1294 922 1364 Initio.

126 1435 269 1509 Deinde
285 1435 390 1509 valde
403 1436 513 1509 etiam
527 1437 657 1536 agitata
674 1435 739 1509 luit
751 1437 919 1537 quaestio,
937 1453 1060 1514 utrum

76 1548 201 1648 legalis
217 1551 433 1624 communio
450 1551 638 1625 bonorum
656 1549 702 1622 ad
715 1552 839 1625 omnia
859 1551 1061 1653 conjugum

74 1661 175 1736 bona
190 1663 334 1737 extendi
355 1663 530 1753 deberet,
549 1694 594 1737 an
615 1691 703 1739 vero
727 1665 826 1738 bona
855 1668 1080 1741 immobilia

76 1806 184 1853 exea
208 1780 502 1877 excluderentur.
530 1781 609 1867 Illi,
630 1781 693 1878 qui
722 1784 886 1878 priorem
906 1785 1057 1882 opinio—

73 1919 163 1965 nem
188 1888 384 1975 fovebant,
406 1890 449 1961 iis
477 1887 556 1962 fere
584 1890 798 1964 nitebantur
817 1895 1055 1989 argumentis:

73 2007 217 2077 Verum
246 2001 398 2102 quidem
431 2024 533 2090 esse,
567 2000 711 2074 futuros
739 2000 939 2103 conjuges,
972 2019 1055 2078 ante

72 2114 407 2217 nuptiasineundas
417 2113 507 2188 tales
521 2115 786 2189 conventiones
801 2113 1053 2216 facereposse,

72 2231 198 2332 qpales
220 2228 426 2304 commodis
449 2231 639 2329 utriusque
665 2232 864 2306 convenire
880 2232 1053 2308 videren-

70 2357 148 2429 tur,
166 2342 336 2441 adeoque
367 2341 637 2426 extensionem,
665 2343 725 2413 vel
739 2342 1054 2419 modificationem

71 2451 345 2529 communionis
361 2449 471 2552 plane
484 2450 649 2552 pendere
665 2480 685 2524 a
701 2452 888 2527 voluntate
899 2472 1052 2530 contra-

68 2567 260 2655 bentium;
279 2568 472 2657 Attamen,
491 2595 607 2668 quum
627 2569 803 2670 conjuges
819 2571 1051 2671 propositum

68 2711 177 2758 suum
196 2710 273 2757 non
285 2681 385 2757 clare
409 2697 684 2792 expresserunt,
707 2683 761 2755 rei
777 2699 918 2755 naturae
937 2687 1050 2786 magis

67 2824 147 2874 esse
168 2812 472 2885 consentaneum,
489 2797 613 2869 omnia
630 2796 728 2868 bona
745 2797 783 2866 in
802 2807 1050 2876 communione

65 2910 343 3013 comprehendi,
357 2937 468 3010 quam
482 2912 700 2999 existimare,
714 2908 856 2986 futuros
869 2915 1047 3016 conjuges

64 3028 134 3102 sibi
159 3045 324 3128 tempore
343 3027 600 3101 celebrationis
618 3027 829 3126 nuptiarum
852 3045 936 3100 ante
957 3055 1047 3103 ocu-

59 3143 118 3217 los
137 3145 300 3244 posuisse
311 3143 422 3229 illam,
437 3167 544 3214 sensu
562 3137 720 3238 juridico
736 3163 844 3236 saepe
859 3127 1043 3216 difficilem

59 3257 335 3332 distinctionem
361 3256 568 3344 bonorum,
617 3255 655 3326 in
682 3253 824 3328 mobilia
859 3270 894 3327 et
925 3264 1046 3332 immo·

60 3371 157 3446 bilia.
183 3351 398 3457 Praeterea,
435 3396 521 3442 cum
540 3366 745 3469 praesertim
775 3369 813 3440 in
839 3372 1043 3444 Provinciis
1071 3389 1081 3402 ·

57 3483 404 3585 septentrionalibus
418 3483 548 3557 Patriae
569 3496 728 3570 nostrae,
749 3483 947 3585 pleraeque
973 3484 1042 3556 bo·
1056 3549 1066 3554 ,,
1089 3525 1092 3542 =

54 3599 198 3672 minum
228 3596 387 3670 fortunae
421 3596 458 3666 in
477 3595 588 3669 rebus
613 3595 801 3669 mobilibus
822 3596 1040 3685 consistant,
1119 3604 1129 3617 '

52 3715 198 3788 ratione
215 3715 346 3786 harum
367 3711 561 3812 regionum
579 3737 655 3784 non
688 3708 872 3783 sublatum
891 3706 934 3780 iri
948 3708 1041 3781 diffi-
1060 3748 1063 3753 >

51 3823 224 3913 cultates,
255 3852 336 3926 quae
359 3825 397 3896 in
417 3824 620 3897 Provinciis
643 3819 943 3896 meridionalihus
965 3848 1038 3894 ra-

37 3940 153 4015 tione
172 3927 607 4013 immobiliumexsistunt.
1086 3930 1088 3934 Α

103 4087 185 4161 Illi
206 4105 360 4181 contra,
394 4092 458 4191 qui
494 4091 688 4193 immobilia
718 4116 738 4164 e
771 4090 1036 4164 communione
